[{"Region": "Sub-Saharan Africa", "Country": "Rwanda", "Item Type": "Office Supplies", "Sales Channel": "Online", "Order Priority": "M", "Order Date": "2010-12-18", "Order ID": "704250581", "Ship Date": "2016-01-23", "Units Sold": 6685.0, "Unit Price": 664.23, "Unit Cost": 585.79, "Total Revenue": 4440377.55, "Total Cost": 3916006.15, "Total Profit": 524371.4, "ItemID": "ABANGOFF0001GE", "Supplier": "Staples-DE", "SuplierRegion": "Germany", "SuplierCountry": "Europe"}, {"Region": "Asia", "Country": "Tajikistan", "Item Type": "Vegetables", "Sales Channel": "Offline", "Order Priority": "M", "Order Date": "2022-09-14", "Order ID": "770848107", "Ship Date": "2023-04-09", "Units Sold": 9293.0, "Unit Price": 250.48, "Unit Cost": 182.08, "Total Revenue": 2327710.64, "Total Cost": 1692069.44, "Total Profit": 635641.2, "ItemID": "MYEMEVEG0050EN", "Supplier": "Edeka-NL", "SuplierRegion": "Europe", "SuplierCountry": "Netherlands"}, {"Region": "Asia", "Country": "Bangladesh", "Item Type": "Baby Food", "Sales Channel": "Offline", "Order Priority": "M", "Order Date": "2018-11-10", "Order ID": "800855851", "Ship Date": "2019-08-06", "Units Sold": 4006.0, "Unit Price": 256.84, "Unit Cost": 154.97, "Total Revenue": 1028901.04, "Total Cost": 620809.82, "Total Profit": 408091.22, "ItemID": "MPAKIBAB0042UN", "Supplier": "Hipp-US", "SuplierRegion": "United States of America", "SuplierCountry": "North America"}, {"Region": "Asia", "Country": "Malaysia", "Item Type": "Cosmetics", "Sales Channel": "Online", "Order Priority": "C", "Order Date": "2021-07-08", "Order ID": "143520458", "Ship Date": "2022-10-08", "Units Sold": 2549.0, "Unit Price": 242.36, "Unit Cost": 178.69, "Total Revenue": 617775.64, "Total Cost": 455480.81, "Total Profit": 162294.83, "ItemID": "MAFGHCOS0028MT", "Supplier": "Beauty-TUR", "SuplierRegion": "Middle East and North Africa", "SuplierCountry": "Turkey"}, {"Region": "Europe", "Country": "Denmark", "Item Type": "Office Supplies", "Sales Channel": "Online", "Order Priority": "C", "Order Date": "2013-01-29", "Order ID": "604888995", "Ship Date": "2022-09-07", "Units Sold": 3674.0, "Unit Price": 213.85, "Unit Cost": 156.42, "Total Revenue": 785684.9, "Total Cost": 574687.08, "Total Profit": 210997.82, "ItemID": "MUNITOFF0049EN", "Supplier": "Staples-NL", "SuplierRegion": "Europe", "SuplierCountry": "Netherlands"}, {"Region": "Central America and the Caribbean", "Country": "Panama", "Item Type": "Personal Care", "Sales Channel": "Offline", "Order Priority": "L", "Order Date": "2019-05-08", "Order ID": "934940867", "Ship Date": "2022-05-18", "Units Sold": 8170.0, "Unit Price": 71.11, "Unit Cost": 52.14, "Total Revenue": 580968.7, "Total Cost": 425983.8, "Total Profit": 154984.9, "ItemID": "ATAJIPER0023UE", "Supplier": "Health-UK", "SuplierRegion": "United Kingdom", "SuplierCountry": "Europe"}, {"Region": "Middle East and North Africa", "Country": "United Arab Emirates", "Item Type": "Vegetables", "Sales Channel": "Offline", "Order Priority": "C", "Order Date": "2013-12-04", "Order ID": "421849387", "Ship Date": "2018-11-30", "Units Sold": 3853.0, "Unit Price": 135.57, "Unit Cost": 85.47, "Total Revenue": 522351.21, "Total Cost": 329315.91, "Total Profit": 193035.3, "ItemID": "ABHUTVEG0002GE", "Supplier": "Edeka-DE", "SuplierRegion": "Germany", "SuplierCountry": "Europe"}, {"Region": "Europe", "Country": "Germany", "Item Type": "Meat", "Sales Channel": "Online", "Order Priority": "H", "Order Date": "2016-01-01", "Order ID": "594444848", "Ship Date": "2019-05-16", "Units Sold": 572.0, "Unit Price": 213.2, "Unit Cost": 158.69, "Total Revenue": 121950.4, "Total Cost": 90770.68, "Total Profit": 31179.72, "ItemID": "ECYPRMEA0060EN", "Supplier": "Fegro-NL", "SuplierRegion": "Europe", "SuplierCountry": "Netherlands"}, {"Region": "Europe", "Country": "Russia", "Item Type": "Snacks", "Sales Channel": "Offline", "Order Priority": "M", "Order Date": "2019-08-13", "Order ID": "641065608", "Ship Date": "2022-05-24", "Units Sold": 5207.0, "Unit Price": 256.5, "Unit Cost": 145.67, "Total Revenue": 1335595.5, "Total Cost": 758503.69, "Total Profit": 577091.81, "ItemID": "MSAUDSNA0044UN", "Supplier": "Edeka-US", "SuplierRegion": "United States of America", "SuplierCountry": "North America"}, {"Region": "Asia", "Country": "Japan", "Item Type": "Vegetables", "Sales Channel": "Offline", "Order Priority": "C", "Order Date": "2020-09-21", "Order ID": "958257161", "Ship Date": "2021-08-08", "Units Sold": 6669.0, "Unit Price": 216.09, "Unit Cost": 179.19, "Total Revenue": 1441104.21, "Total Cost": 1195018.11, "Total Profit": 246086.1, "ItemID": "MLEBAVEG0038UN", "Supplier": "Edeka-US", "SuplierRegion": "United States of America", "SuplierCountry": "North America"}, {"Region": "Sub-Saharan Africa", "Country": "Sudan", "Item Type": "Household", "Sales Channel": "Offline", "Order Priority": "C", "Order Date": "2016-01-04", "Order ID": "766319121", "Ship Date": "2022-11-01", "Units Sold": 900.0, "Unit Price": 158.68, "Unit Cost": 163.59, "Total Revenue": 142812.0, "Total Cost": 147231.0, "Total Profit": "-4419,00", "ItemID": "MSYRIHOU0046UN", "Supplier": "Wholesale-US", "SuplierRegion": "United States of America", "SuplierCountry": "North America"}, {"Region": "Sub-Saharan Africa", "Country": "Djibouti", "Item Type": "Beverages", "Sales Channel": "Offline", "Order Priority": "H", "Order Date": "2017-02-19", "Order ID": "914892253", "Ship Date": "2022-07-26", "Units Sold": 5874.0, "Unit Price": 51.25, "Unit Cost": 25.75, "Total Revenue": 301042.5, "Total Cost": 151255.5, "Total Profit": 149787.0, "ItemID": "APHILBEV0019UE", "Supplier": "WIFA-UK", "SuplierRegion": "United Kingdom", "SuplierCountry": "Europe"}, {"Region": "Sub-Saharan Africa", "Country": "Burkina Faso", "Item Type": "Baby Food", "Sales Channel": "Online", "Order Priority": "C", "Order Date": "2014-04-09", "Order ID": "307365612", "Ship Date": "2017-01-18", "Units Sold": 6596.0, "Unit Price": 256.84, "Unit Cost": 154.97, "Total Revenue": 1694116.64, "Total Cost": 1022182.12, "Total Profit": 671934.52, "ItemID": "MPAKIBAB0042UN", "Supplier": "Hipp-US", "SuplierRegion": "United States of America", "SuplierCountry": "North America"}, {"Region": "Sub-Saharan Africa", "Country": "Djibouti", "Item Type": "Snacks", "Sales Channel": "Offline", "Order Priority": "L", "Order Date": "2023-02-01", "Order ID": "319714273", "Ship Date": "2023-06-21", "Units Sold": 102.0, "Unit Price": 169.36, "Unit Cost": 87.7, "Total Revenue": 17274.72, "Total Cost": 8945.4, "Total Profit": 8329.32, "ItemID": "AJAPASNA0008GE", "Supplier": "Edeka-DE", "SuplierRegion": "Germany", "SuplierCountry": "Europe"}, {"Region": "Europe", "Country": "Andorra", "Item Type": "Office Supplies", "Sales Channel": "Online", "Order Priority": "L", "Order Date": "2023-05-03", "Order ID": "726433005", "Ship Date": "2023-11-02", "Units Sold": 459.0, "Unit Price": 696.79, "Unit Cost": 493.46, "Total Revenue": 319826.61, "Total Cost": 226498.14, "Total Profit": 93328.47, "ItemID": "ALAOSOFF0013UE", "Supplier": "Staples-UK", "SuplierRegion": "United Kingdom", "SuplierCountry": "Europe"}, {"Region": "Central America and the Caribbean", "Country": "El Salvador", "Item Type": "Snacks", "Sales Channel": "Offline", "Order Priority": "L", "Order Date": "2012-04-21", "Order ID": "524346559", "Ship Date": "2015-12-19", "Units Sold": 3766.0, "Unit Price": 251.34, "Unit Cost": 173.93, "Total Revenue": 946546.44, "Total Cost": 655020.38, "Total Profit": 291526.06, "ItemID": "MEGYPSNA0032MT", "Supplier": "Edeka-TUR", "SuplierRegion": "Middle East and North Africa", "SuplierCountry": "Turkey"}, {"Region": "Europe", "Country": "Germany", "Item Type": "Cosmetics", "Sales Channel": "Online", "Order Priority": "L", "Order Date": "2020-11-29", "Order ID": "351968688", "Ship Date": "2023-02-03", "Units Sold": 3153.0, "Unit Price": 242.36, "Unit Cost": 178.69, "Total Revenue": 764161.08, "Total Cost": 563409.57, "Total Profit": 200751.51, "ItemID": "MAFGHCOS0028MT", "Supplier": "Beauty-TUR", "SuplierRegion": "Middle East and North Africa", "SuplierCountry": "Turkey"}, {"Region": "Asia", "Country": "Thailand", "Item Type": "Office Supplies", "Sales Channel": "Online", "Order Priority": "L", "Order Date": "2020-11-12", "Order ID": "346153939", "Ship Date": "2022-08-21", "Units Sold": 3781.0, "Unit Price": 145.44, "Unit Cost": 150.95, "Total Revenue": 549908.64, "Total Cost": 570741.95, "Total Profit": "-20833,31", "ItemID": "ECZECOFF0061ES", "Supplier": "Staples-ESP", "SuplierRegion": "Europe", "SuplierCountry": "Spain"}, {"Region": "Sub-Saharan Africa", "Country": "Sao Tome and Principe", "Item Type": "Snacks", "Sales Channel": "Online", "Order Priority": "M", "Order Date": "2020-04-03", "Order ID": "503935234", "Ship Date": "2021-02-19", "Units Sold": 7843.0, "Unit Price": 251.34, "Unit Cost": 173.93, "Total Revenue": 1971259.62, "Total Cost": 1364132.99, "Total Profit": 607126.63, "ItemID": "MEGYPSNA0032MT", "Supplier": "Edeka-TUR", "SuplierRegion": "Middle East and North Africa", "SuplierCountry": "Turkey"}, {"Region": "Europe", "Country": "Hungary", "Item Type": "Meat", "Sales Channel": "Online", "Order Priority": "L", "Order Date": "2012-09-05", "Order ID": "557529864", "Ship Date": "2021-08-04", "Units Sold": 9561.0, "Unit Price": 493.61, "Unit Cost": 328.22, "Total Revenue": 4719405.21, "Total Cost": 3138111.42, "Total Profit": 1581293.79, "ItemID": "AKYRGMEA0012GE", "Supplier": "Fegro-DE", "SuplierRegion": "Germany", "SuplierCountry": "Europe"}, {"Region": "Australia and Oceania", "Country": "Australia", "Item Type": "Personal Care", "Sales Channel": "Online", "Order Priority": "M", "Order Date": "2020-11-12", "Order ID": "814923535", "Ship Date": "2022-05-06", "Units Sold": 191.0, "Unit Price": 156.05, "Unit Cost": 160.47, "Total Revenue": 29805.55, "Total Cost": 30649.77, "Total Profit": "-844,22", "ItemID": "ECROAPER0059EN", "Supplier": "Health-NL", "SuplierRegion": "Europe", "SuplierCountry": "Netherlands"}, {"Region": "Central America and the Caribbean", "Country": "Nicaragua", "Item Type": "Office Supplies", "Sales Channel": "Offline", "Order Priority": "L", "Order Date": "2018-12-01", "Order ID": "956458606", "Ship Date": "2023-10-17", "Units Sold": 3020.0, "Unit Price": 266.15, "Unit Cost": 182.8, "Total Revenue": 803773.0, "Total Cost": 552056.0, "Total Profit": 251717.0, "ItemID": "MKUWAOFF0037UN", "Supplier": "Staples-US", "SuplierRegion": "United States of America", "SuplierCountry": "North America"}, {"Region": "Asia", "Country": "Bangladesh", "Item Type": "Cosmetics", "Sales Channel": "Offline", "Order Priority": "C", "Order Date": "2012-08-04", "Order ID": "510989951", "Ship Date": "2021-03-26", "Units Sold": 8363.0, "Unit Price": 419.71, "Unit Cost": 229.1, "Total Revenue": 3510034.73, "Total Cost": 1915963.3, "Total Profit": 1594071.43, "ItemID": "AMONGCOS0016UE", "Supplier": "Beauty-UK", "SuplierRegion": "United Kingdom", "SuplierCountry": "Europe"}, {"Region": "Europe", "Country": "Norway", "Item Type": "Cosmetics", "Sales Channel": "Online", "Order Priority": "C", "Order Date": "2014-05-07", "Order ID": "120289008", "Ship Date": "2019-11-18", "Units Sold": 8571.0, "Unit Price": 419.71, "Unit Cost": 229.1, "Total Revenue": 3597334.41, "Total Cost": 1963616.1, "Total Profit": 1633718.31, "ItemID": "AMONGCOS0016UE", "Supplier": "Beauty-UK", "SuplierRegion": "United Kingdom", "SuplierCountry": "Europe"}, {"Region": "Sub-Saharan Africa", "Country": "Ghana", "Item Type": "Household", "Sales Channel": "Online", "Order Priority": "M", "Order Date": "2018-11-07", "Order ID": "906705397", "Ship Date": "2023-05-06", "Units Sold": 3023.0, "Unit Price": 158.68, "Unit Cost": 163.59, "Total Revenue": 479689.64, "Total Cost": 494532.57, "Total Profit": "-14842,93", "ItemID": "MSYRIHOU0046UN", "Supplier": "Wholesale-US", "SuplierRegion": "United States of America", "SuplierCountry": "North America"}, {"Region": "Central America and the Caribbean", "Country": "Saint Kitts and Nevis ", "Item Type": "Cosmetics", "Sales Channel": "Offline", "Order Priority": "M", "Order Date": "2018-07-05", "Order ID": "132848770", "Ship Date": "2023-06-14", "Units Sold": 3130.0, "Unit Price": 154.75, "Unit Cost": 161.51, "Total Revenue": 484367.5, "Total Cost": 505526.3, "Total Profit": "-21158,80", "ItemID": "EFINLCOS0064ES", "Supplier": "Beauty-ESP", "SuplierRegion": "Europe", "SuplierCountry": "Spain"}, {"Region": "Asia", "Country": "Vietnam", "Item Type": "Snacks", "Sales Channel": "Offline", "Order Priority": "H", "Order Date": "2020-07-06", "Order ID": "507145244", "Ship Date": "2022-09-29", "Units Sold": 7334.0, "Unit Price": 183.1, "Unit Cost": 91.59, "Total Revenue": 1342855.4, "Total Cost": 671721.06, "Total Profit": 671134.34, "ItemID": "ASINGSNA0020UE", "Supplier": "Edeka-UK", "SuplierRegion": "United Kingdom", "SuplierCountry": "Europe"}, {"Region": "Middle East and North Africa", "Country": "Syria", "Item Type": "Fruits", "Sales Channel": "Offline", "Order Priority": "L", "Order Date": "2016-06-05", "Order ID": "317079595", "Ship Date": "2022-04-13", "Units Sold": 6109.0, "Unit Price": 284.19, "Unit Cost": 172.75, "Total Revenue": 1736116.71, "Total Cost": 1055329.75, "Total Profit": 680786.96, "ItemID": "AVIETFRU0027MT", "Supplier": "Penny-TUR", "SuplierRegion": "Middle East and North Africa", "SuplierCountry": "Turkey"}, {"Region": "Europe", "Country": "Bosnia and Herzegovina", "Item Type": "Clothes", "Sales Channel": "Offline", "Order Priority": "L", "Order Date": "2014-05-03", "Order ID": "500507472", "Ship Date": "2020-09-28", "Units Sold": 6960.0, "Unit Price": 211.43, "Unit Cost": 147.81, "Total Revenue": 1471552.8, "Total Cost": 1028757.6, "Total Profit": 442795.2, "ItemID": "MSOMACLO0045UN", "Supplier": "H&M-US", "SuplierRegion": "United States of America", "SuplierCountry": "North America"}, {"Region": "Central America and the Caribbean", "Country": "Belize", "Item Type": "Beverages", "Sales Channel": "Online", "Order Priority": "H", "Order Date": "2022-02-26", "Order ID": "536033612", "Ship Date": "2023-08-18", "Units Sold": 9424.0, "Unit Price": 224.71, "Unit Cost": 165.54, "Total Revenue": 2117667.04, "Total Cost": 1560048.96, "Total Profit": 557618.08, "ItemID": "EBELABEV0055EN", "Supplier": "WIFA-NL", "SuplierRegion": "Europe", "SuplierCountry": "Netherlands"}, {"Region": "Sub-Saharan Africa", "Country": "Burkina Faso", "Item Type": "Cereal", "Sales Channel": "Offline", "Order Priority": "H", "Order Date": "2021-05-06", "Order ID": "579212938", "Ship Date": "2023-09-12", "Units Sold": 67.0, "Unit Price": 274.76, "Unit Cost": 150.38, "Total Revenue": 18408.92, "Total Cost": 10075.46, "Total Profit": 8333.46, "ItemID": "MALGECER0029MT", "Supplier": "Rewe-TUR", "SuplierRegion": "Middle East and North Africa", "SuplierCountry": "Turkey"}, {"Region": "Middle East and North Africa", "Country": "Azerbaijan", "Item Type": "Baby Food", "Sales Channel": "Offline", "Order Priority": "M", "Order Date": "2018-01-08", "Order ID": "838757657", "Ship Date": "2021-08-28", "Units Sold": 7488.0, "Unit Price": 221.44, "Unit Cost": 173.45, "Total Revenue": 1658142.72, "Total Cost": 1298793.6, "Total Profit": 359349.12, "ItemID": "MAZERBAB0030MT", "Supplier": "Hipp-TUR", "SuplierRegion": "Middle East and North Africa", "SuplierCountry": "Turkey"}, {"Region": "Australia and Oceania", "Country": "Kiribati", "Item Type": "Cereal", "Sales Channel": "Offline", "Order Priority": "L", "Order Date": "2010-04-27", "Order ID": "337250070", "Ship Date": "2015-12-17", "Units Sold": 7316.0, "Unit Price": 201.57, "Unit Cost": 158.63, "Total Revenue": 1474686.12, "Total Cost": 1160537.08, "Total Profit": 314149.04, "ItemID": "MOMANCER0041UN", "Supplier": "Rewe-US", "SuplierRegion": "United States of America", "SuplierCountry": "North America"}, {"Region": "Sub-Saharan Africa", "Country": "Mozambique", "Item Type": "Baby Food", "Sales Channel": "Online", "Order Priority": "C", "Order Date": "2017-12-19", "Order ID": "273478220", "Ship Date": "2021-02-28", "Units Sold": 7214.0, "Unit Price": 192.5, "Unit Cost": 171.93, "Total Revenue": 1388695.0, "Total Cost": 1240303.02, "Total Profit": 148391.98, "ItemID": "EGEORBAB0066ES", "Supplier": "Hipp-ESP", "SuplierRegion": "Europe", "SuplierCountry": "Spain"}, {"Region": "Asia", "Country": "Brunei", "Item Type": "Vegetables", "Sales Channel": "Online", "Order Priority": "M", "Order Date": "2015-08-16", "Order ID": "336772768", "Ship Date": "2020-05-13", "Units Sold": 1874.0, "Unit Price": 291.48, "Unit Cost": 153.56, "Total Revenue": 546233.52, "Total Cost": 287771.44, "Total Profit": 258462.08, "ItemID": "AUZBEVEG0026MT", "Supplier": "Edeka-TUR", "SuplierRegion": "Middle East and North Africa", "SuplierCountry": "Turkey"}, {"Region": "Central America and the Caribbean", "Country": "Guatemala", "Item Type": "Clothes", "Sales Channel": "Offline", "Order Priority": "L", "Order Date": "2014-01-12", "Order ID": "724973251", "Ship Date": "2020-12-03", "Units Sold": 8019.0, "Unit Price": 98.35, "Unit Cost": 30.46, "Total Revenue": 788668.65, "Total Cost": 244258.74, "Total Profit": 544409.91, "ItemID": "AKAZACLO0009GE", "Supplier": "H&M-DE", "SuplierRegion": "Germany", "SuplierCountry": "Europe"}, {"Region": "Asia", "Country": "Maldives", "Item Type": "Baby Food", "Sales Channel": "Online", "Order Priority": "H", "Order Date": "2019-07-04", "Order ID": "261456515", "Ship Date": "2020-03-31", "Units Sold": 9403.0, "Unit Price": 201.67, "Unit Cost": 140.29, "Total Revenue": 1896303.01, "Total Cost": 1319146.87, "Total Profit": 577156.14, "ItemID": "ANEPABAB0018UE", "Supplier": "Hipp-UK", "SuplierRegion": "United Kingdom", "SuplierCountry": "Europe"}, {"Region": "Sub-Saharan Africa", "Country": "Mali", "Item Type": "Household", "Sales Channel": "Offline", "Order Priority": "M", "Order Date": "2014-12-28", "Order ID": "290875382", "Ship Date": "2020-01-02", "Units Sold": 1814.0, "Unit Price": 641.54, "Unit Cost": 472.39, "Total Revenue": 1163753.56, "Total Cost": 856915.46, "Total Profit": 306838.1, "ItemID": "ANORTHOU0010GE", "Supplier": "Wholesale-DE", "SuplierRegion": "Germany", "SuplierCountry": "Europe"}, {"Region": "Central America and the Caribbean", "Country": "The Bahamas", "Item Type": "Clothes", "Sales Channel": "Offline", "Order Priority": "M", "Order Date": "2016-02-17", "Order ID": "919146542", "Ship Date": "2023-05-10", "Units Sold": 8069.0, "Unit Price": 192.47, "Unit Cost": 176.61, "Total Revenue": 1553040.43, "Total Cost": 1425066.09, "Total Profit": 127974.34, "ItemID": "EHUNGCLO0069ES", "Supplier": "H&M-ESP", "SuplierRegion": "Europe", "SuplierCountry": "Spain"}, {"Region": "Australia and Oceania", "Country": "Tonga", "Item Type": "Clothes", "Sales Channel": "Offline", "Order Priority": "L", "Order Date": "2012-09-20", "Order ID": "312432028", "Ship Date": "2019-10-10", "Units Sold": 3015.0, "Unit Price": 128.95, "Unit Cost": 27.24, "Total Revenue": 388784.25, "Total Cost": 82128.6, "Total Profit": 306655.65, "ItemID": "ASRI CLO0021UE", "Supplier": "H&M-UK", "SuplierRegion": "United Kingdom", "SuplierCountry": "Europe"}, {"Region": "Asia", "Country": "Thailand", "Item Type": "Clothes", "Sales Channel": "Offline", "Order Priority": "H", "Order Date": "2012-09-10", "Order ID": "607955241", "Ship Date": "2020-02-25", "Units Sold": 8534.0, "Unit Price": 244.5, "Unit Cost": 179.9, "Total Revenue": 2086563.0, "Total Cost": 1535266.6, "Total Profit": 551296.4, "ItemID": "MIRANCLO0033MT", "Supplier": "H&M-TUR", "SuplierRegion": "Middle East and North Africa", "SuplierCountry": "Turkey"}, {"Region": "Australia and Oceania", "Country": "Fiji", "Item Type": "Office Supplies", "Sales Channel": "Online", "Order Priority": "H", "Order Date": "2017-03-11", "Order ID": "145535806", "Ship Date": "2018-05-19", "Units Sold": 8536.0, "Unit Price": 696.79, "Unit Cost": 493.46, "Total Revenue": 5947799.44, "Total Cost": 4212174.56, "Total Profit": 1735624.88, "ItemID": "ALAOSOFF0013UE", "Supplier": "Staples-UK", "SuplierRegion": "United Kingdom", "SuplierCountry": "Europe"}, {"Region": "Sub-Saharan Africa", "Country": "Republic of the Congo", "Item Type": "Household", "Sales Channel": "Online", "Order Priority": "C", "Order Date": "2015-08-08", "Order ID": "293609651", "Ship Date": "2019-07-04", "Units Sold": 3963.0, "Unit Price": 180.33, "Unit Cost": 156.74, "Total Revenue": 714647.79, "Total Cost": 621160.62, "Total Profit": 93487.17, "ItemID": "EICELHOU0070ES", "Supplier": "Wholesale-ESP", "SuplierRegion": "Europe", "SuplierCountry": "Spain"}, {"Region": "Sub-Saharan Africa", "Country": "Central African Republic", "Item Type": "Meat", "Sales Channel": "Offline", "Order Priority": "L", "Order Date": "2020-08-29", "Order ID": "510602189", "Ship Date": "2020-10-29", "Units Sold": 7790.0, "Unit Price": 232.52, "Unit Cost": 156.21, "Total Revenue": 1811330.8, "Total Cost": 1216875.9, "Total Profit": 594454.9, "ItemID": "MTURKMEA0048UN", "Supplier": "Fegro-US", "SuplierRegion": "United States of America", "SuplierCountry": "North America"}, {"Region": "Europe", "Country": "Slovenia", "Item Type": "Clothes", "Sales Channel": "Offline", "Order Priority": "L", "Order Date": "2017-01-21", "Order ID": "590856805", "Ship Date": "2021-12-09", "Units Sold": 20.0, "Unit Price": 192.47, "Unit Cost": 176.61, "Total Revenue": 3849.4, "Total Cost": 3532.2, "Total Profit": 317.2, "ItemID": "EHUNGCLO0069ES", "Supplier": "H&M-ESP", "SuplierRegion": "Europe", "SuplierCountry": "Spain"}, {"Region": "Central America and the Caribbean", "Country": "El Salvador", "Item Type": "Office Supplies", "Sales Channel": "Online", "Order Priority": "L", "Order Date": "2022-01-08", "Order ID": "452848090", "Ship Date": "2023-06-01", "Units Sold": 2691.0, "Unit Price": 145.44, "Unit Cost": 150.95, "Total Revenue": 391379.04, "Total Cost": 406206.45, "Total Profit": "-14827,41", "ItemID": "ECZECOFF0061ES", "Supplier": "Staples-ESP", "SuplierRegion": "Europe", "SuplierCountry": "Spain"}, {"Region": "Sub-Saharan Africa", "Country": "Tanzania", "Item Type": "Meat", "Sales Channel": "Offline", "Order Priority": "H", "Order Date": "2021-02-19", "Order ID": "517947603", "Ship Date": "2021-05-03", "Units Sold": 4870.0, "Unit Price": 493.61, "Unit Cost": 328.22, "Total Revenue": 2403880.7, "Total Cost": 1598431.4, "Total Profit": 805449.3, "ItemID": "AKYRGMEA0012GE", "Supplier": "Fegro-DE", "SuplierRegion": "Germany", "SuplierCountry": "Europe"}, {"Region": "Middle East and North Africa", "Country": "Bahrain", "Item Type": "Cereal", "Sales Channel": "Offline", "Order Priority": "C", "Order Date": "2012-03-06", "Order ID": "767175159", "Ship Date": "2021-08-08", "Units Sold": 7654.0, "Unit Price": 170.73, "Unit Cost": 104.23, "Total Revenue": 1306767.42, "Total Cost": 797776.42, "Total Profit": 508991.0, "ItemID": "ACHINCER0005GE", "Supplier": "Rewe-DE", "SuplierRegion": "Germany", "SuplierCountry": "Europe"}, {"Region": "Central America and the Caribbean", "Country": "Dominica", "Item Type": "Cosmetics", "Sales Channel": "Offline", "Order Priority": "L", "Order Date": "2018-02-01", "Order ID": "786717479", "Ship Date": "2018-03-01", "Units Sold": 9175.0, "Unit Price": 172.09, "Unit Cost": 154.56, "Total Revenue": 1578925.75, "Total Cost": 1418088.0, "Total Profit": 160837.75, "ItemID": "MMOROCOS0040UN", "Supplier": "Beauty-US", "SuplierRegion": "United States of America", "SuplierCountry": "North America"}, {"Region": "Middle East and North Africa", "Country": "Morocco", "Item Type": "Baby Food", "Sales Channel": "Online", "Order Priority": "L", "Order Date": "2011-10-03", "Order ID": "435548457", "Ship Date": "2013-03-19", "Units Sold": 9593.0, "Unit Price": 192.5, "Unit Cost": 171.93, "Total Revenue": 1846652.5, "Total Cost": 1649324.49, "Total Profit": 197328.01, "ItemID": "EGEORBAB0066ES", "Supplier": "Hipp-ESP", "SuplierRegion": "Europe", "SuplierCountry": "Spain"}, {"Region": "Europe", "Country": "Slovenia", "Item Type": "Meat", "Sales Channel": "Online", "Order Priority": "C", "Order Date": "2012-01-19", "Order ID": "589616886", "Ship Date": "2016-06-17", "Units Sold": 6101.0, "Unit Price": 345.95, "Unit Cost": 309.99, "Total Revenue": 2110640.95, "Total Cost": 1891248.99, "Total Profit": 219391.96, "ItemID": "ATHAIMEA0024UE", "Supplier": "Fegro-UK", "SuplierRegion": "United Kingdom", "SuplierCountry": "Europe"}, {"Region": "Sub-Saharan Africa", "Country": "Kenya", "Item Type": "Beverages", "Sales Channel": "Online", "Order Priority": "H", "Order Date": "2023-01-08", "Order ID": "471455790", "Ship Date": "2023-07-24", "Units Sold": 7922.0, "Unit Price": 51.25, "Unit Cost": 25.75, "Total Revenue": 406002.5, "Total Cost": 203991.5, "Total Profit": 202011.0, "ItemID": "APHILBEV0019UE", "Supplier": "WIFA-UK", "SuplierRegion": "United Kingdom", "SuplierCountry": "Europe"}, {"Region": "Sub-Saharan Africa", "Country": "Malawi", "Item Type": "Meat", "Sales Channel": "Offline", "Order Priority": "M", "Order Date": "2012-02-15", "Order ID": "956826729", "Ship Date": "2013-09-08", "Units Sold": 1311.0, "Unit Price": 220.55, "Unit Cost": 176.55, "Total Revenue": 289141.05, "Total Cost": 231457.05, "Total Profit": 57684.0, "ItemID": "EITALMEA0072ES", "Supplier": "Fegro-ESP", "SuplierRegion": "Europe", "SuplierCountry": "Spain"}, {"Region": "Middle East and North Africa", "Country": "Iraq", "Item Type": "Office Supplies", "Sales Channel": "Offline", "Order Priority": "C", "Order Date": "2011-05-22", "Order ID": "411780000", "Ship Date": "2023-06-22", "Units Sold": 4554.0, "Unit Price": 696.79, "Unit Cost": 493.46, "Total Revenue": 3173181.66, "Total Cost": 2247216.84, "Total Profit": 925964.82, "ItemID": "ALAOSOFF0013UE", "Supplier": "Staples-UK", "SuplierRegion": "United Kingdom", "SuplierCountry": "Europe"}, {"Region": "Australia and Oceania", "Country": "Fiji", "Item Type": "Beverages", "Sales Channel": "Online", "Order Priority": "C", "Order Date": "2022-03-21", "Order ID": "524694021", "Ship Date": "2022-05-06", "Units Sold": 2969.0, "Unit Price": 51.25, "Unit Cost": 25.75, "Total Revenue": 152161.25, "Total Cost": 76451.75, "Total Profit": 75709.5, "ItemID": "APHILBEV0019UE", "Supplier": "WIFA-UK", "SuplierRegion": "United Kingdom", "SuplierCountry": "Europe"}, {"Region": "Australia and Oceania", "Country": "New Zealand", "Item Type": "Vegetables", "Sales Channel": "Offline", "Order Priority": "M", "Order Date": "2018-10-13", "Order ID": "110251621", "Ship Date": "2022-06-10", "Units Sold": 3905.0, "Unit Price": 135.57, "Unit Cost": 85.47, "Total Revenue": 529400.85, "Total Cost": 333760.35, "Total Profit": 195640.5, "ItemID": "ABHUTVEG0002GE", "Supplier": "Edeka-DE", "SuplierRegion": "Germany", "SuplierCountry": "Europe"}, {"Region": "Central America and the Caribbean", "Country": "The Bahamas", "Item Type": "Baby Food", "Sales Channel": "Online", "Order Priority": "L", "Order Date": "2020-02-03", "Order ID": "683893283", "Ship Date": "2023-10-11", "Units Sold": 1740.0, "Unit Price": 288.47, "Unit Cost": 119.57, "Total Revenue": 501937.8, "Total Cost": 208051.8, "Total Profit": 293886.0, "ItemID": "AINDIBAB0006GE", "Supplier": "Hipp-DE", "SuplierRegion": "Germany", "SuplierCountry": "Europe"}, {"Region": "Sub-Saharan Africa", "Country": "Zimbabwe", "Item Type": "Cereal", "Sales Channel": "Online", "Order Priority": "C", "Order Date": "2010-04-02", "Order ID": "401102064", "Ship Date": "2011-08-06", "Units Sold": 2887.0, "Unit Price": 274.76, "Unit Cost": 150.38, "Total Revenue": 793232.12, "Total Cost": 434147.06, "Total Profit": 359085.06, "ItemID": "MALGECER0029MT", "Supplier": "Rewe-TUR", "SuplierRegion": "Middle East and North Africa", "SuplierCountry": "Turkey"}, {"Region": "Central America and the Caribbean", "Country": "Guatemala", "Item Type": "Fruits", "Sales Channel": "Offline", "Order Priority": "M", "Order Date": "2020-10-04", "Order ID": "949560123", "Ship Date": "2022-09-22", "Units Sold": 787.0, "Unit Price": 183.5, "Unit Cost": 160.75, "Total Revenue": 144414.5, "Total Cost": 126510.25, "Total Profit": 17904.25, "ItemID": "EALBAFRU0051EN", "Supplier": "Penny-NL", "SuplierRegion": "Europe", "SuplierCountry": "Netherlands"}, {"Region": "Asia", "Country": "Philippines", "Item Type": "Household", "Sales Channel": "Offline", "Order Priority": "L", "Order Date": "2016-09-07", "Order ID": "211993412", "Ship Date": "2020-10-09", "Units Sold": 915.0, "Unit Price": 641.54, "Unit Cost": 472.39, "Total Revenue": 587009.1, "Total Cost": 432236.85, "Total Profit": 154772.25, "ItemID": "ANORTHOU0010GE", "Supplier": "Wholesale-DE", "SuplierRegion": "Germany", "SuplierCountry": "Europe"}, {"Region": "Middle East and North Africa", "Country": "Tunisia ", "Item Type": "Snacks", "Sales Channel": "Online", "Order Priority": "C", "Order Date": "2016-08-04", "Order ID": "719551099", "Ship Date": "2021-08-11", "Units Sold": 5775.0, "Unit Price": 256.5, "Unit Cost": 145.67, "Total Revenue": 1481287.5, "Total Cost": 841244.25, "Total Profit": 640043.25, "ItemID": "MSAUDSNA0044UN", "Supplier": "Edeka-US", "SuplierRegion": "United States of America", "SuplierCountry": "North America"}, {"Region": "Sub-Saharan Africa", "Country": "Mauritania", "Item Type": "Vegetables", "Sales Channel": "Offline", "Order Priority": "M", "Order Date": "2010-02-10", "Order ID": "772917966", "Ship Date": "2015-01-27", "Units Sold": 9904.0, "Unit Price": 291.48, "Unit Cost": 153.56, "Total Revenue": 2886817.92, "Total Cost": 1520858.24, "Total Profit": 1365959.68, "ItemID": "AUZBEVEG0026MT", "Supplier": "Edeka-TUR", "SuplierRegion": "Middle East and North Africa", "SuplierCountry": "Turkey"}, {"Region": "Australia and Oceania", "Country": "East Timor", "Item Type": "Personal Care", "Sales Channel": "Offline", "Order Priority": "C", "Order Date": "2012-01-13", "Order ID": "624213488", "Ship Date": "2022-03-16", "Units Sold": 4868.0, "Unit Price": 242.75, "Unit Cost": 151.6, "Total Revenue": 1181707.0, "Total Cost": 737988.8, "Total Profit": 443718.2, "ItemID": "MISRAPER0035MT", "Supplier": "Health-TUR", "SuplierRegion": "Middle East and North Africa", "SuplierCountry": "Turkey"}, {"Region": "Central America and the Caribbean", "Country": "Haiti", "Item Type": "Cereal", "Sales Channel": "Online", "Order Priority": "M", "Order Date": "2016-03-05", "Order ID": "956488675", "Ship Date": "2022-01-11", "Units Sold": 4266.0, "Unit Price": 274.76, "Unit Cost": 150.38, "Total Revenue": 1172126.16, "Total Cost": 641521.08, "Total Profit": 530605.08, "ItemID": "MALGECER0029MT", "Supplier": "Rewe-TUR", "SuplierRegion": "Middle East and North Africa", "SuplierCountry": "Turkey"}, {"Region": "Europe", "Country": "Belarus", "Item Type": "Meat", "Sales Channel": "Offline", "Order Priority": "L", "Order Date": "2012-10-28", "Order ID": "324207494", "Ship Date": "2014-07-29", "Units Sold": 8729.0, "Unit Price": 345.95, "Unit Cost": 309.99, "Total Revenue": 3019797.55, "Total Cost": 2705902.71, "Total Profit": 313894.84, "ItemID": "ATHAIMEA0024UE", "Supplier": "Fegro-UK", "SuplierRegion": "United Kingdom", "SuplierCountry": "Europe"}, {"Region": "Europe", "Country": "Austria", "Item Type": "Office Supplies", "Sales Channel": "Online", "Order Priority": "L", "Order Date": "2011-12-06", "Order ID": "657484726", "Ship Date": "2018-05-29", "Units Sold": 917.0, "Unit Price": 145.44, "Unit Cost": 150.95, "Total Revenue": 133368.48, "Total Cost": 138421.15, "Total Profit": "-5052,67", "ItemID": "ECZECOFF0061ES", "Supplier": "Staples-ESP", "SuplierRegion": "Europe", "SuplierCountry": "Spain"}, {"Region": "Europe", "Country": "Belarus", "Item Type": "Vegetables", "Sales Channel": "Offline", "Order Priority": "H", "Order Date": "2023-03-09", "Order ID": "762525653", "Ship Date": "2023-12-28", "Units Sold": 523.0, "Unit Price": 291.48, "Unit Cost": 153.56, "Total Revenue": 152444.04, "Total Cost": 80311.88, "Total Profit": 72132.16, "ItemID": "AUZBEVEG0026MT", "Supplier": "Edeka-TUR", "SuplierRegion": "Middle East and North Africa", "SuplierCountry": "Turkey"}, {"Region": "Sub-Saharan Africa", "Country": "Togo", "Item Type": "Cereal", "Sales Channel": "Offline", "Order Priority": "C", "Order Date": "2015-03-23", "Order ID": "569798768", "Ship Date": "2018-07-02", "Units Sold": 9270.0, "Unit Price": 201.57, "Unit Cost": 158.63, "Total Revenue": 1868553.9, "Total Cost": 1470500.1, "Total Profit": 398053.8, "ItemID": "MOMANCER0041UN", "Supplier": "Rewe-US", "SuplierRegion": "United States of America", "SuplierCountry": "North America"}, {"Region": "Asia", "Country": "Nepal", "Item Type": "Fruits", "Sales Channel": "Offline", "Order Priority": "M", "Order Date": "2018-11-26", "Order ID": "935597102", "Ship Date": "2018-12-23", "Units Sold": 5914.0, "Unit Price": 8.77, "Unit Cost": 5.47, "Total Revenue": 51865.78, "Total Cost": 32349.58, "Total Profit": 19516.2, "ItemID": "ABRUNFRU0003GE", "Supplier": "Penny-DE", "SuplierRegion": "Germany", "SuplierCountry": "Europe"}, {"Region": "Sub-Saharan Africa", "Country": "Ethiopia", "Item Type": "Personal Care", "Sales Channel": "Offline", "Order Priority": "H", "Order Date": "2013-07-16", "Order ID": "331987574", "Ship Date": "2023-07-16", "Units Sold": 1239.0, "Unit Price": 171.87, "Unit Cost": 175.5, "Total Revenue": 212946.93, "Total Cost": 217444.5, "Total Profit": "-4497,57", "ItemID": "MTUNIPER0047UN", "Supplier": "Health-US", "SuplierRegion": "United States of America", "SuplierCountry": "North America"}, {"Region": "Asia", "Country": "Tajikistan", "Item Type": "Beverages", "Sales Channel": "Online", "Order Priority": "C", "Order Date": "2011-06-23", "Order ID": "673570085", "Ship Date": "2023-04-15", "Units Sold": 3065.0, "Unit Price": 49.82, "Unit Cost": 24.16, "Total Revenue": 152698.3, "Total Cost": 74050.4, "Total Profit": 78647.9, "ItemID": "AINDOBEV0007GE", "Supplier": "WIFA-DE", "SuplierRegion": "Germany", "SuplierCountry": "Europe"}, {"Region": "Europe", "Country": "Iceland", "Item Type": "Snacks", "Sales Channel": "Online", "Order Priority": "L", "Order Date": "2010-06-04", "Order ID": "529456308", "Ship Date": "2012-10-19", "Units Sold": 1239.0, "Unit Price": 251.34, "Unit Cost": 173.93, "Total Revenue": 311410.26, "Total Cost": 215499.27, "Total Profit": 95910.99, "ItemID": "MEGYPSNA0032MT", "Supplier": "Edeka-TUR", "SuplierRegion": "Middle East and North Africa", "SuplierCountry": "Turkey"}, {"Region": "Asia", "Country": "North Korea", "Item Type": "Office Supplies", "Sales Channel": "Online", "Order Priority": "M", "Order Date": "2011-03-23", "Order ID": "867661215", "Ship Date": "2015-06-17", "Units Sold": 2642.0, "Unit Price": 266.15, "Unit Cost": 182.8, "Total Revenue": 703168.3, "Total Cost": 482957.6, "Total Profit": 220210.7, "ItemID": "MKUWAOFF0037UN", "Supplier": "Staples-US", "SuplierRegion": "United States of America", "SuplierCountry": "North America"}, {"Region": "Central America and the Caribbean", "Country": "Dominican Republic", "Item Type": "Fruits", "Sales Channel": "Offline", "Order Priority": "L", "Order Date": "2010-07-11", "Order ID": "204862667", "Ship Date": "2012-02-17", "Units Sold": 6183.0, "Unit Price": 257.04, "Unit Cost": 154.35, "Total Revenue": 1589278.32, "Total Cost": 954346.05, "Total Profit": 634932.27, "ItemID": "MLIBYFRU0039UN", "Supplier": "Penny-US", "SuplierRegion": "United States of America", "SuplierCountry": "North America"}, {"Region": "Sub-Saharan Africa", "Country": "Mauritania", "Item Type": "Office Supplies", "Sales Channel": "Online", "Order Priority": "M", "Order Date": "2010-08-08", "Order ID": "213872901", "Ship Date": "2012-11-01", "Units Sold": 7807.0, "Unit Price": 266.15, "Unit Cost": 182.8, "Total Revenue": 2077833.05, "Total Cost": 1427119.6, "Total Profit": 650713.45, "ItemID": "MKUWAOFF0037UN", "Supplier": "Staples-US", "SuplierRegion": "United States of America", "SuplierCountry": "North America"}, {"Region": "Europe", "Country": "Montenegro", "Item Type": "Clothes", "Sales Channel": "Online", "Order Priority": "L", "Order Date": "2017-08-25", "Order ID": "157054811", "Ship Date": "2018-12-27", "Units Sold": 5486.0, "Unit Price": 229.59, "Unit Cost": 187.71, "Total Revenue": 1259530.74, "Total Cost": 1029777.06, "Total Profit": 229753.68, "ItemID": "EBOSNCLO0057EN", "Supplier": "H&M-NL", "SuplierRegion": "Europe", "SuplierCountry": "Netherlands"}, {"Region": "Central America and the Caribbean", "Country": "Costa Rica", "Item Type": "Fruits", "Sales Channel": "Online", "Order Priority": "C", "Order Date": "2011-03-21", "Order ID": "467162030", "Ship Date": "2018-02-20", "Units Sold": 4226.0, "Unit Price": 257.04, "Unit Cost": 154.35, "Total Revenue": 1086251.04, "Total Cost": 652283.1, "Total Profit": 433967.94, "ItemID": "MLIBYFRU0039UN", "Supplier": "Penny-US", "SuplierRegion": "United States of America", "SuplierCountry": "North America"}, {"Region": "Middle East and North Africa", "Country": "Pakistan", "Item Type": "Clothes", "Sales Channel": "Offline", "Order Priority": "M", "Order Date": "2012-07-21", "Order ID": "251719851", "Ship Date": "2018-09-17", "Units Sold": 1062.0, "Unit Price": 128.95, "Unit Cost": 27.24, "Total Revenue": 136944.9, "Total Cost": 28928.88, "Total Profit": 108016.02, "ItemID": "ASRI CLO0021UE", "Supplier": "H&M-UK", "SuplierRegion": "United Kingdom", "SuplierCountry": "Europe"}, {"Region": "Sub-Saharan Africa", "Country": "Guinea", "Item Type": "Vegetables", "Sales Channel": "Online", "Order Priority": "H", "Order Date": "2015-02-26", "Order ID": "485159569", "Ship Date": "2021-06-30", "Units Sold": 61.0, "Unit Price": 291.48, "Unit Cost": 153.56, "Total Revenue": 17780.28, "Total Cost": 9367.16, "Total Profit": 8413.12, "ItemID": "AUZBEVEG0026MT", "Supplier": "Edeka-TUR", "SuplierRegion": "Middle East and North Africa", "SuplierCountry": "Turkey"}, {"Region": "Europe", "Country": "Spain", "Item Type": "Cereal", "Sales Channel": "Online", "Order Priority": "H", "Order Date": "2021-02-06", "Order ID": "890357635", "Ship Date": "2023-08-23", "Units Sold": 7324.0, "Unit Price": 274.76, "Unit Cost": 150.38, "Total Revenue": 2012342.24, "Total Cost": 1101383.12, "Total Profit": 910959.12, "ItemID": "MALGECER0029MT", "Supplier": "Rewe-TUR", "SuplierRegion": "Middle East and North Africa", "SuplierCountry": "Turkey"}, {"Region": "Asia", "Country": "Malaysia", "Item Type": "Cereal", "Sales Channel": "Offline", "Order Priority": "H", "Order Date": "2023-06-21", "Order ID": "283480192", "Ship Date": "2023-12-12", "Units Sold": 5978.0, "Unit Price": 130.4, "Unit Cost": 183.69, "Total Revenue": 779531.2, "Total Cost": 1098098.82, "Total Profit": "-318567,62", "ItemID": "EFRANCER0065ES", "Supplier": "Rewe-ESP", "SuplierRegion": "Europe", "SuplierCountry": "Spain"}, {"Region": "Asia", "Country": "Kyrgyzstan", "Item Type": "Fruits", "Sales Channel": "Online", "Order Priority": "L", "Order Date": "2013-04-27", "Order ID": "615384402", "Ship Date": "2014-11-08", "Units Sold": 1186.0, "Unit Price": 183.5, "Unit Cost": 160.75, "Total Revenue": 217631.0, "Total Cost": 190649.5, "Total Profit": 26981.5, "ItemID": "EALBAFRU0051EN", "Supplier": "Penny-NL", "SuplierRegion": "Europe", "SuplierCountry": "Netherlands"}, {"Region": "Europe", "Country": "Lithuania", "Item Type": "Beverages", "Sales Channel": "Online", "Order Priority": "C", "Order Date": "2020-11-05", "Order ID": "473013932", "Ship Date": "2023-08-09", "Units Sold": 5140.0, "Unit Price": 183.43, "Unit Cost": 154.6, "Total Revenue": 942830.2, "Total Cost": 794644.0, "Total Profit": 148186.2, "ItemID": "MBAHRBEV0031MT", "Supplier": "WIFA-TUR", "SuplierRegion": "Middle East and North Africa", "SuplierCountry": "Turkey"}, {"Region": "Australia and Oceania", "Country": "New Zealand", "Item Type": "Cosmetics", "Sales Channel": "Online", "Order Priority": "H", "Order Date": "2019-10-14", "Order ID": "288640662", "Ship Date": "2020-07-11", "Units Sold": 2064.0, "Unit Price": 341.02, "Unit Cost": 229.1, "Total Revenue": 703865.28, "Total Cost": 472862.4, "Total Profit": 231002.88, "ItemID": "ACAMBCOS0004GE", "Supplier": "Beauty-DE", "SuplierRegion": "Germany", "SuplierCountry": "Europe"}, {"Region": "Australia and Oceania", "Country": "Nauru", "Item Type": "Fruits", "Sales Channel": "Offline", "Order Priority": "L", "Order Date": "2021-12-21", "Order ID": "833035581", "Ship Date": "2022-04-22", "Units Sold": 3212.0, "Unit Price": 284.19, "Unit Cost": 172.75, "Total Revenue": 912818.28, "Total Cost": 554873.0, "Total Profit": 357945.28, "ItemID": "AVIETFRU0027MT", "Supplier": "Penny-TUR", "SuplierRegion": "Middle East and North Africa", "SuplierCountry": "Turkey"}, {"Region": "Europe", "Country": "Spain", "Item Type": "Fruits", "Sales Channel": "Online", "Order Priority": "H", "Order Date": "2018-05-02", "Order ID": "283478605", "Ship Date": "2019-05-25", "Units Sold": 1870.0, "Unit Price": 257.04, "Unit Cost": 154.35, "Total Revenue": 480664.8, "Total Cost": 288634.5, "Total Profit": 192030.3, "ItemID": "MLIBYFRU0039UN", "Supplier": "Penny-US", "SuplierRegion": "United States of America", "SuplierCountry": "North America"}, {"Region": "Asia", "Country": "Thailand", "Item Type": "Meat", "Sales Channel": "Offline", "Order Priority": "H", "Order Date": "2012-12-31", "Order ID": "146768678", "Ship Date": "2013-12-13", "Units Sold": 8356.0, "Unit Price": 238.37, "Unit Cost": 171.02, "Total Revenue": 1991819.72, "Total Cost": 1429043.12, "Total Profit": 562776.6, "ItemID": "MJORDMEA0036MT", "Supplier": "Fegro-TUR", "SuplierRegion": "Middle East and North Africa", "SuplierCountry": "Turkey"}, {"Region": "Middle East and North Africa", "Country": "Saudi Arabia", "Item Type": "Vegetables", "Sales Channel": "Offline", "Order Priority": "M", "Order Date": "2021-12-18", "Order ID": "521938901", "Ship Date": "2022-12-21", "Units Sold": 5019.0, "Unit Price": 216.09, "Unit Cost": 179.19, "Total Revenue": 1084555.71, "Total Cost": 899354.61, "Total Profit": 185201.1, "ItemID": "MLEBAVEG0038UN", "Supplier": "Edeka-US", "SuplierRegion": "United States of America", "SuplierCountry": "North America"}, {"Region": "Central America and the Caribbean", "Country": "Haiti", "Item Type": "Baby Food", "Sales Channel": "Online", "Order Priority": "M", "Order Date": "2015-06-27", "Order ID": "413912698", "Ship Date": "2022-10-23", "Units Sold": 1239.0, "Unit Price": 230.92, "Unit Cost": 181.07, "Total Revenue": 286109.88, "Total Cost": 224345.73, "Total Profit": 61764.15, "ItemID": "EAUSTBAB0054EN", "Supplier": "Hipp-NL", "SuplierRegion": "Europe", "SuplierCountry": "Netherlands"}, {"Region": "Australia and Oceania", "Country": "Nauru", "Item Type": "Beverages", "Sales Channel": "Offline", "Order Priority": "L", "Order Date": "2012-12-01", "Order ID": "473237665", "Ship Date": "2015-03-04", "Units Sold": 8425.0, "Unit Price": 217.53, "Unit Cost": 149.36, "Total Revenue": 1832690.25, "Total Cost": 1258358.0, "Total Profit": 574332.25, "ItemID": "MQATABEV0043UN", "Supplier": "WIFA-US", "SuplierRegion": "United States of America", "SuplierCountry": "North America"}, {"Region": "Europe", "Country": "Estonia", "Item Type": "Vegetables", "Sales Channel": "Offline", "Order Priority": "L", "Order Date": "2011-03-16", "Order ID": "389540002", "Ship Date": "2018-02-26", "Units Sold": 5022.0, "Unit Price": 291.48, "Unit Cost": 153.56, "Total Revenue": 1463812.56, "Total Cost": 771178.32, "Total Profit": 692634.24, "ItemID": "AUZBEVEG0026MT", "Supplier": "Edeka-TUR", "SuplierRegion": "Middle East and North Africa", "SuplierCountry": "Turkey"}, {"Region": "Sub-Saharan Africa", "Country": "Democratic Republic of the Congo", "Item Type": "Snacks", "Sales Channel": "Offline", "Order Priority": "C", "Order Date": "2023-09-21", "Order ID": "874572621", "Ship Date": "2023-12-27", "Units Sold": 1503.0, "Unit Price": 256.5, "Unit Cost": 145.67, "Total Revenue": 385519.5, "Total Cost": 218942.01, "Total Profit": 166577.49, "ItemID": "MSAUDSNA0044UN", "Supplier": "Edeka-US", "SuplierRegion": "United States of America", "SuplierCountry": "North America"}, {"Region": "Europe", "Country": "Romania", "Item Type": "Clothes", "Sales Channel": "Offline", "Order Priority": "M", "Order Date": "2015-08-01", "Order ID": "222171500", "Ship Date": "2017-11-24", "Units Sold": 5371.0, "Unit Price": 229.59, "Unit Cost": 187.71, "Total Revenue": 1233127.89, "Total Cost": 1008190.41, "Total Profit": 224937.48, "ItemID": "EBOSNCLO0057EN", "Supplier": "H&M-NL", "SuplierRegion": "Europe", "SuplierCountry": "Netherlands"}, {"Region": "Sub-Saharan Africa", "Country": "Namibia", "Item Type": "Personal Care", "Sales Channel": "Offline", "Order Priority": "H", "Order Date": "2018-07-31", "Order ID": "482945800", "Ship Date": "2023-02-07", "Units Sold": 6165.0, "Unit Price": 171.87, "Unit Cost": 175.5, "Total Revenue": 1059578.55, "Total Cost": 1081957.5, "Total Profit": "-22378,95", "ItemID": "MTUNIPER0047UN", "Supplier": "Health-US", "SuplierRegion": "United States of America", "SuplierCountry": "North America"}, {"Region": "Europe", "Country": "Monaco", "Item Type": "Snacks", "Sales Channel": "Offline", "Order Priority": "H", "Order Date": "2021-02-20", "Order ID": "682500073", "Ship Date": "2021-08-28", "Units Sold": 450.0, "Unit Price": 143.8, "Unit Cost": 169.71, "Total Revenue": 64710.0, "Total Cost": 76369.5, "Total Profit": "-11659,50", "ItemID": "EBELGSNA0056EN", "Supplier": "Edeka-NL", "SuplierRegion": "Europe", "SuplierCountry": "Netherlands"}, {"Region": "Sub-Saharan Africa", "Country": "Namibia", "Item Type": "Baby Food", "Sales Channel": "Offline", "Order Priority": "M", "Order Date": "2015-02-21", "Order ID": "846248348", "Ship Date": "2018-02-15", "Units Sold": 6826.0, "Unit Price": 288.47, "Unit Cost": 119.57, "Total Revenue": 1969096.22, "Total Cost": 816184.82, "Total Profit": 1152911.4, "ItemID": "AINDIBAB0006GE", "Supplier": "Hipp-DE", "SuplierRegion": "Germany", "SuplierCountry": "Europe"}, {"Region": "Australia and Oceania", "Country": "Australia", "Item Type": "Clothes", "Sales Channel": "Offline", "Order Priority": "M", "Order Date": "2020-03-05", "Order ID": "602640754", "Ship Date": "2020-09-22", "Units Sold": 923.0, "Unit Price": 128.95, "Unit Cost": 27.24, "Total Revenue": 119020.85, "Total Cost": 25142.52, "Total Profit": 93878.33, "ItemID": "ASRI CLO0021UE", "Supplier": "H&M-UK", "SuplierRegion": "United Kingdom", "SuplierCountry": "Europe"}, {"Region": "Europe", "Country": "United Kingdom", "Item Type": "Personal Care", "Sales Channel": "Online", "Order Priority": "C", "Order Date": "2012-08-27", "Order ID": "519319974", "Ship Date": "2015-03-18", "Units Sold": 401.0, "Unit Price": 242.75, "Unit Cost": 151.6, "Total Revenue": 97342.75, "Total Cost": 60791.6, "Total Profit": 36551.15, "ItemID": "MISRAPER0035MT", "Supplier": "Health-TUR", "SuplierRegion": "Middle East and North Africa", "SuplierCountry": "Turkey"}, {"Region": "Sub-Saharan Africa", "Country": "Nigeria", "Item Type": "Fruits", "Sales Channel": "Offline", "Order Priority": "C", "Order Date": "2015-09-07", "Order ID": "157491692", "Ship Date": "2022-01-23", "Units Sold": 9953.0, "Unit Price": 257.04, "Unit Cost": 154.35, "Total Revenue": 2558319.12, "Total Cost": 1536245.55, "Total Profit": 1022073.57, "ItemID": "MLIBYFRU0039UN", "Supplier": "Penny-US", "SuplierRegion": "United States of America", "SuplierCountry": "North America"}, {"Region": "Australia and Oceania", "Country": "Palau", "Item Type": "Fruits", "Sales Channel": "Online", "Order Priority": "L", "Order Date": "2019-07-25", "Order ID": "670562175", "Ship Date": "2019-10-04", "Units Sold": 6303.0, "Unit Price": 183.5, "Unit Cost": 160.75, "Total Revenue": 1156600.5, "Total Cost": 1013207.25, "Total Profit": 143393.25, "ItemID": "EALBAFRU0051EN", "Supplier": "Penny-NL", "SuplierRegion": "Europe", "SuplierCountry": "Netherlands"}, {"Region": "Europe", "Country": "Iceland", "Item Type": "Vegetables", "Sales Channel": "Online", "Order Priority": "L", "Order Date": "2023-08-20", "Order ID": "454426400", "Ship Date": "2023-10-07", "Units Sold": 3205.0, "Unit Price": 135.57, "Unit Cost": 85.47, "Total Revenue": 434501.85, "Total Cost": 273931.35, "Total Profit": 160570.5, "ItemID": "ABHUTVEG0002GE", "Supplier": "Edeka-DE", "SuplierRegion": "Germany", "SuplierCountry": "Europe"}, {"Region": "Europe", "Country": "Norway", "Item Type": "Vegetables", "Sales Channel": "Online", "Order Priority": "L", "Order Date": "2021-05-28", "Order ID": "450288999", "Ship Date": "2022-11-09", "Units Sold": 6446.0, "Unit Price": 212.19, "Unit Cost": 178.99, "Total Revenue": 1367776.74, "Total Cost": 1153769.54, "Total Profit": 214007.2, "ItemID": "EDENMVEG0062ES", "Supplier": "Edeka-ESP", "SuplierRegion": "Europe", "SuplierCountry": "Spain"}, {"Region": "Australia and Oceania", "Country": "Federated States of Micronesia", "Item Type": "Snacks", "Sales Channel": "Online", "Order Priority": "C", "Order Date": "2015-08-11", "Order ID": "108612896", "Ship Date": "2019-09-16", "Units Sold": 8843.0, "Unit Price": 251.34, "Unit Cost": 173.93, "Total Revenue": 2222599.62, "Total Cost": 1538062.99, "Total Profit": 684536.63, "ItemID": "MEGYPSNA0032MT", "Supplier": "Edeka-TUR", "SuplierRegion": "Middle East and North Africa", "SuplierCountry": "Turkey"}, {"Region": "North America", "Country": "Canada", "Item Type": "Clothes", "Sales Channel": "Online", "Order Priority": "H", "Order Date": "2016-02-27", "Order ID": "276470563", "Ship Date": "2022-02-05", "Units Sold": 5245.0, "Unit Price": 128.95, "Unit Cost": 27.24, "Total Revenue": 676342.75, "Total Cost": 142873.8, "Total Profit": 533468.95, "ItemID": "ASRI CLO0021UE", "Supplier": "H&M-UK", "SuplierRegion": "United Kingdom", "SuplierCountry": "Europe"}, {"Region": "Middle East and North Africa", "Country": "Somalia", "Item Type": "Snacks", "Sales Channel": "Offline", "Order Priority": "M", "Order Date": "2017-08-27", "Order ID": "201142559", "Ship Date": "2022-05-31", "Units Sold": 7531.0, "Unit Price": 143.8, "Unit Cost": 169.71, "Total Revenue": 1082957.8, "Total Cost": 1278086.01, "Total Profit": "-195128,21", "ItemID": "EBELGSNA0056EN", "Supplier": "Edeka-NL", "SuplierRegion": "Europe", "SuplierCountry": "Netherlands"}, {"Region": "Asia", "Country": "Brunei", "Item Type": "Beverages", "Sales Channel": "Offline", "Order Priority": "H", "Order Date": "2020-02-21", "Order ID": "937677198", "Ship Date": "2020-02-23", "Units Sold": 9613.0, "Unit Price": 217.53, "Unit Cost": 149.36, "Total Revenue": 2091115.89, "Total Cost": 1435797.68, "Total Profit": 655318.21, "ItemID": "MQATABEV0043UN", "Supplier": "WIFA-US", "SuplierRegion": "United States of America", "SuplierCountry": "North America"}, {"Region": "Middle East and North Africa", "Country": "Iran", "Item Type": "Baby Food", "Sales Channel": "Online", "Order Priority": "H", "Order Date": "2023-04-20", "Order ID": "156300311", "Ship Date": "2023-07-02", "Units Sold": 2433.0, "Unit Price": 201.67, "Unit Cost": 140.29, "Total Revenue": 490663.11, "Total Cost": 341325.57, "Total Profit": 149337.54, "ItemID": "ANEPABAB0018UE", "Supplier": "Hipp-UK", "SuplierRegion": "United Kingdom", "SuplierCountry": "Europe"}, {"Region": "Australia and Oceania", "Country": "Marshall Islands", "Item Type": "Snacks", "Sales Channel": "Offline", "Order Priority": "L", "Order Date": "2013-10-03", "Order ID": "718829875", "Ship Date": "2016-12-15", "Units Sold": 8964.0, "Unit Price": 256.5, "Unit Cost": 145.67, "Total Revenue": 2299266.0, "Total Cost": 1305785.88, "Total Profit": 993480.12, "ItemID": "MSAUDSNA0044UN", "Supplier": "Edeka-US", "SuplierRegion": "United States of America", "SuplierCountry": "North America"}, {"Region": "Australia and Oceania", "Country": "East Timor", "Item Type": "Meat", "Sales Channel": "Offline", "Order Priority": "C", "Order Date": "2018-02-26", "Order ID": "461107186", "Ship Date": "2023-08-22", "Units Sold": 9212.0, "Unit Price": 345.95, "Unit Cost": 309.99, "Total Revenue": 3186891.4, "Total Cost": 2855627.88, "Total Profit": 331263.52, "ItemID": "ATHAIMEA0024UE", "Supplier": "Fegro-UK", "SuplierRegion": "United Kingdom", "SuplierCountry": "Europe"}, {"Region": "Central America and the Caribbean", "Country": "Honduras", "Item Type": "Snacks", "Sales Channel": "Offline", "Order Priority": "M", "Order Date": "2018-03-17", "Order ID": "393196598", "Ship Date": "2022-08-16", "Units Sold": 5213.0, "Unit Price": 251.34, "Unit Cost": 173.93, "Total Revenue": 1310235.42, "Total Cost": 906697.09, "Total Profit": 403538.33, "ItemID": "MEGYPSNA0032MT", "Supplier": "Edeka-TUR", "SuplierRegion": "Middle East and North Africa", "SuplierCountry": "Turkey"}, {"Region": "Sub-Saharan Africa", "Country": "Zimbabwe", "Item Type": "Baby Food", "Sales Channel": "Offline", "Order Priority": "L", "Order Date": "2023-09-26", "Order ID": "283952108", "Ship Date": "2023-09-29", "Units Sold": 6034.0, "Unit Price": 230.92, "Unit Cost": 181.07, "Total Revenue": 1393371.28, "Total Cost": 1092576.38, "Total Profit": 300794.9, "ItemID": "EAUSTBAB0054EN", "Supplier": "Hipp-NL", "SuplierRegion": "Europe", "SuplierCountry": "Netherlands"}, {"Region": "Central America and the Caribbean", "Country": "El Salvador", "Item Type": "Beverages", "Sales Channel": "Offline", "Order Priority": "H", "Order Date": "2016-11-12", "Order ID": "251483533", "Ship Date": "2020-08-14", "Units Sold": 2774.0, "Unit Price": 183.43, "Unit Cost": 154.6, "Total Revenue": 508834.82, "Total Cost": 428860.4, "Total Profit": 79974.42, "ItemID": "MBAHRBEV0031MT", "Supplier": "WIFA-TUR", "SuplierRegion": "Middle East and North Africa", "SuplierCountry": "Turkey"}, {"Region": "Sub-Saharan Africa", "Country": "Namibia", "Item Type": "Household", "Sales Channel": "Offline", "Order Priority": "H", "Order Date": "2013-06-02", "Order ID": "138787107", "Ship Date": "2016-07-31", "Units Sold": 3563.0, "Unit Price": 254.23, "Unit Cost": 147.57, "Total Revenue": 905821.49, "Total Cost": 525791.91, "Total Profit": 380029.58, "ItemID": "MIRAQHOU0034MT", "Supplier": "Wholesale-TUR", "SuplierRegion": "Middle East and North Africa", "SuplierCountry": "Turkey"}, {"Region": "Sub-Saharan Africa", "Country": "Burkina Faso", "Item Type": "Office Supplies", "Sales Channel": "Online", "Order Priority": "H", "Order Date": "2013-01-07", "Order ID": "263765399", "Ship Date": "2015-10-05", "Units Sold": 8561.0, "Unit Price": 696.79, "Unit Cost": 493.46, "Total Revenue": 5965219.19, "Total Cost": 4224511.06, "Total Profit": 1740708.13, "ItemID": "ALAOSOFF0013UE", "Supplier": "Staples-UK", "SuplierRegion": "United Kingdom", "SuplierCountry": "Europe"}, {"Region": "Central America and the Caribbean", "Country": "Dominica", "Item Type": "Cosmetics", "Sales Channel": "Online", "Order Priority": "L", "Order Date": "2016-08-29", "Order ID": "394489968", "Ship Date": "2020-01-09", "Units Sold": 4961.0, "Unit Price": 175.71, "Unit Cost": 157.04, "Total Revenue": 871697.31, "Total Cost": 779075.44, "Total Profit": 92621.87, "ItemID": "EANDOCOS0052EN", "Supplier": "Beauty-NL", "SuplierRegion": "Europe", "SuplierCountry": "Netherlands"}, {"Region": "Sub-Saharan Africa", "Country": "Uganda", "Item Type": "Fruits", "Sales Channel": "Offline", "Order Priority": "C", "Order Date": "2010-06-23", "Order ID": "876808439", "Ship Date": "2016-06-25", "Units Sold": 1987.0, "Unit Price": 257.04, "Unit Cost": 154.35, "Total Revenue": 510738.48, "Total Cost": 306693.45, "Total Profit": 204045.03, "ItemID": "MLIBYFRU0039UN", "Supplier": "Penny-US", "SuplierRegion": "United States of America", "SuplierCountry": "North America"}, {"Region": "Europe", "Country": "Greece", "Item Type": "Household", "Sales Channel": "Online", "Order Priority": "H", "Order Date": "2013-05-18", "Order ID": "616514045", "Ship Date": "2017-06-05", "Units Sold": 5894.0, "Unit Price": 180.33, "Unit Cost": 156.74, "Total Revenue": 1062865.02, "Total Cost": 923825.56, "Total Profit": 139039.46, "ItemID": "EICELHOU0070ES", "Supplier": "Wholesale-ESP", "SuplierRegion": "Europe", "SuplierCountry": "Spain"}, {"Region": "Central America and the Caribbean", "Country": "Dominica", "Item Type": "Snacks", "Sales Channel": "Offline", "Order Priority": "H", "Order Date": "2022-11-02", "Order ID": "877138825", "Ship Date": "2023-02-27", "Units Sold": 4967.0, "Unit Price": 256.5, "Unit Cost": 145.67, "Total Revenue": 1274035.5, "Total Cost": 723542.89, "Total Profit": 550492.61, "ItemID": "MSAUDSNA0044UN", "Supplier": "Edeka-US", "SuplierRegion": "United States of America", "SuplierCountry": "North America"}, {"Region": "Central America and the Caribbean", "Country": "Dominican Republic", "Item Type": "Snacks", "Sales Channel": "Online", "Order Priority": "L", "Order Date": "2011-11-27", "Order ID": "549648080", "Ship Date": "2021-12-17", "Units Sold": 4525.0, "Unit Price": 169.59, "Unit Cost": 170.37, "Total Revenue": 767394.75, "Total Cost": 770924.25, "Total Profit": "-3529,50", "ItemID": "EGREESNA0068ES", "Supplier": "Edeka-ESP", "SuplierRegion": "Europe", "SuplierCountry": "Spain"}, {"Region": "Europe", "Country": "Albania", "Item Type": "Cereal", "Sales Channel": "Offline", "Order Priority": "L", "Order Date": "2010-09-03", "Order ID": "171533512", "Ship Date": "2013-10-14", "Units Sold": 1915.0, "Unit Price": 217.45, "Unit Cost": 165.11, "Total Revenue": 416416.75, "Total Cost": 316185.65, "Total Profit": 100231.1, "ItemID": "EARMECER0053EN", "Supplier": "Rewe-NL", "SuplierRegion": "Europe", "SuplierCountry": "Netherlands"}, {"Region": "Australia and Oceania", "Country": "Kiribati", "Item Type": "Snacks", "Sales Channel": "Online", "Order Priority": "C", "Order Date": "2023-02-06", "Order ID": "782110358", "Ship Date": "2023-10-12", "Units Sold": 1518.0, "Unit Price": 256.5, "Unit Cost": 145.67, "Total Revenue": 389367.0, "Total Cost": 221127.06, "Total Profit": 168239.94, "ItemID": "MSAUDSNA0044UN", "Supplier": "Edeka-US", "SuplierRegion": "United States of America", "SuplierCountry": "North America"}, {"Region": "Sub-Saharan Africa", "Country": "Ghana", "Item Type": "Office Supplies", "Sales Channel": "Offline", "Order Priority": "M", "Order Date": "2017-07-19", "Order ID": "119341814", "Ship Date": "2021-09-26", "Units Sold": 9745.0, "Unit Price": 266.15, "Unit Cost": 182.8, "Total Revenue": 2593631.75, "Total Cost": 1781386.0, "Total Profit": 812245.75, "ItemID": "MKUWAOFF0037UN", "Supplier": "Staples-US", "SuplierRegion": "United States of America", "SuplierCountry": "North America"}, {"Region": "Europe", "Country": "Denmark", "Item Type": "Vegetables", "Sales Channel": "Online", "Order Priority": "C", "Order Date": "2016-09-24", "Order ID": "157144736", "Ship Date": "2017-03-04", "Units Sold": 38.0, "Unit Price": 146.36, "Unit Cost": 70.93, "Total Revenue": 5561.68, "Total Cost": 2695.34, "Total Profit": 2866.34, "ItemID": "AMALAVEG0014UE", "Supplier": "Edeka-UK", "SuplierRegion": "United Kingdom", "SuplierCountry": "Europe"}, {"Region": "Asia", "Country": "Singapore", "Item Type": "Snacks", "Sales Channel": "Online", "Order Priority": "H", "Order Date": "2021-04-14", "Order ID": "333002720", "Ship Date": "2021-11-19", "Units Sold": 7871.0, "Unit Price": 143.8, "Unit Cost": 169.71, "Total Revenue": 1131849.8, "Total Cost": 1335787.41, "Total Profit": "-203937,61", "ItemID": "EBELGSNA0056EN", "Supplier": "Edeka-NL", "SuplierRegion": "Europe", "SuplierCountry": "Netherlands"}, {"Region": "Australia and Oceania", "Country": "Federated States of Micronesia", "Item Type": "Office Supplies", "Sales Channel": "Online", "Order Priority": "M", "Order Date": "2022-08-15", "Order ID": "197243031", "Ship Date": "2022-12-08", "Units Sold": 5749.0, "Unit Price": 696.79, "Unit Cost": 493.46, "Total Revenue": 4005845.71, "Total Cost": 2836901.54, "Total Profit": 1168944.17, "ItemID": "ALAOSOFF0013UE", "Supplier": "Staples-UK", "SuplierRegion": "United Kingdom", "SuplierCountry": "Europe"}, {"Region": "Central America and the Caribbean", "Country": "Grenada", "Item Type": "Personal Care", "Sales Channel": "Online", "Order Priority": "L", "Order Date": "2023-10-15", "Order ID": "129166185", "Ship Date": "2023-12-22", "Units Sold": 8207.0, "Unit Price": 171.87, "Unit Cost": 175.5, "Total Revenue": 1410537.09, "Total Cost": 1440328.5, "Total Profit": "-29791,41", "ItemID": "MTUNIPER0047UN", "Supplier": "Health-US", "SuplierRegion": "United States of America", "SuplierCountry": "North America"}, {"Region": "Middle East and North Africa", "Country": "Morocco", "Item Type": "Snacks", "Sales Channel": "Offline", "Order Priority": "H", "Order Date": "2012-04-10", "Order ID": "620124314", "Ship Date": "2023-07-24", "Units Sold": 6814.0, "Unit Price": 183.1, "Unit Cost": 91.59, "Total Revenue": 1247643.4, "Total Cost": 624094.26, "Total Profit": 623549.14, "ItemID": "ASINGSNA0020UE", "Supplier": "Edeka-UK", "SuplierRegion": "United Kingdom", "SuplierCountry": "Europe"}, {"Region": "Sub-Saharan Africa", "Country": "Mali", "Item Type": "Clothes", "Sales Channel": "Online", "Order Priority": "C", "Order Date": "2021-01-03", "Order ID": "201601871", "Ship Date": "2022-04-18", "Units Sold": 5167.0, "Unit Price": 244.5, "Unit Cost": 179.9, "Total Revenue": 1263331.5, "Total Cost": 929543.3, "Total Profit": 333788.2, "ItemID": "MIRANCLO0033MT", "Supplier": "H&M-TUR", "SuplierRegion": "Middle East and North Africa", "SuplierCountry": "Turkey"}, {"Region": "Sub-Saharan Africa", "Country": "Mali", "Item Type": "Clothes", "Sales Channel": "Offline", "Order Priority": "M", "Order Date": "2017-12-06", "Order ID": "579715392", "Ship Date": "2020-07-08", "Units Sold": 3898.0, "Unit Price": 244.5, "Unit Cost": 179.9, "Total Revenue": 953061.0, "Total Cost": 701250.2, "Total Profit": 251810.8, "ItemID": "MIRANCLO0033MT", "Supplier": "H&M-TUR", "SuplierRegion": "Middle East and North Africa", "SuplierCountry": "Turkey"}, {"Region": "Europe", "Country": "United Kingdom", "Item Type": "Personal Care", "Sales Channel": "Offline", "Order Priority": "H", "Order Date": "2022-08-12", "Order ID": "954451290", "Ship Date": "2022-12-01", "Units Sold": 5666.0, "Unit Price": 156.05, "Unit Cost": 160.47, "Total Revenue": 884179.3, "Total Cost": 909223.02, "Total Profit": "-25043,72", "ItemID": "ECROAPER0059EN", "Supplier": "Health-NL", "SuplierRegion": "Europe", "SuplierCountry": "Netherlands"}, {"Region": "Central America and the Caribbean", "Country": "Saint Vincent and the Grenadines", "Item Type": "Snacks", "Sales Channel": "Offline", "Order Priority": "M", "Order Date": "2022-06-22", "Order ID": "614908233", "Ship Date": "2023-04-15", "Units Sold": 164.0, "Unit Price": 169.59, "Unit Cost": 170.37, "Total Revenue": 27812.76, "Total Cost": 27940.68, "Total Profit": "-127,92", "ItemID": "EGREESNA0068ES", "Supplier": "Edeka-ESP", "SuplierRegion": "Europe", "SuplierCountry": "Spain"}, {"Region": "Sub-Saharan Africa", "Country": "Liberia", "Item Type": "Cosmetics", "Sales Channel": "Offline", "Order Priority": "H", "Order Date": "2013-07-25", "Order ID": "672950518", "Ship Date": "2017-08-06", "Units Sold": 9117.0, "Unit Price": 172.09, "Unit Cost": 154.56, "Total Revenue": 1568944.53, "Total Cost": 1409123.52, "Total Profit": 159821.01, "ItemID": "MMOROCOS0040UN", "Supplier": "Beauty-US", "SuplierRegion": "United States of America", "SuplierCountry": "North America"}, {"Region": "Australia and Oceania", "Country": "Australia", "Item Type": "Fruits", "Sales Channel": "Offline", "Order Priority": "C", "Order Date": "2010-04-18", "Order ID": "823044329", "Ship Date": "2011-07-01", "Units Sold": 1278.0, "Unit Price": 7.65, "Unit Cost": 6.37, "Total Revenue": 9776.7, "Total Cost": 8140.86, "Total Profit": 1635.84, "ItemID": "AMALDFRU0015UE", "Supplier": "Penny-UK", "SuplierRegion": "United Kingdom", "SuplierCountry": "Europe"}, {"Region": "Sub-Saharan Africa", "Country": "Zimbabwe", "Item Type": "Clothes", "Sales Channel": "Online", "Order Priority": "M", "Order Date": "2012-12-08", "Order ID": "377125317", "Ship Date": "2013-05-07", "Units Sold": 7434.0, "Unit Price": 229.59, "Unit Cost": 187.71, "Total Revenue": 1706772.06, "Total Cost": 1395436.14, "Total Profit": 311335.92, "ItemID": "EBOSNCLO0057EN", "Supplier": "H&M-NL", "SuplierRegion": "Europe", "SuplierCountry": "Netherlands"}, {"Region": "Asia", "Country": "Kazakhstan", "Item Type": "Personal Care", "Sales Channel": "Offline", "Order Priority": "M", "Order Date": "2011-08-19", "Order ID": "729593554", "Ship Date": "2018-04-15", "Units Sold": 5402.0, "Unit Price": 197.58, "Unit Cost": 189.14, "Total Revenue": 1067327.16, "Total Cost": 1021734.28, "Total Profit": 45592.88, "ItemID": "EIRELPER0071ES", "Supplier": "Health-ESP", "SuplierRegion": "Europe", "SuplierCountry": "Spain"}, {"Region": "Europe", "Country": "Poland", "Item Type": "Office Supplies", "Sales Channel": "Offline", "Order Priority": "M", "Order Date": "2015-06-06", "Order ID": "745043498", "Ship Date": "2022-02-06", "Units Sold": 5031.0, "Unit Price": 145.44, "Unit Cost": 150.95, "Total Revenue": 731708.64, "Total Cost": 759429.45, "Total Profit": "-27720,81", "ItemID": "ECZECOFF0061ES", "Supplier": "Staples-ESP", "SuplierRegion": "Europe", "SuplierCountry": "Spain"}, {"Region": "Sub-Saharan Africa", "Country": "Cape Verde", "Item Type": "Baby Food", "Sales Channel": "Offline", "Order Priority": "C", "Order Date": "2017-07-04", "Order ID": "865400165", "Ship Date": "2018-04-17", "Units Sold": 3201.0, "Unit Price": 201.67, "Unit Cost": 140.29, "Total Revenue": 645545.67, "Total Cost": 449068.29, "Total Profit": 196477.38, "ItemID": "ANEPABAB0018UE", "Supplier": "Hipp-UK", "SuplierRegion": "United Kingdom", "SuplierCountry": "Europe"}, {"Region": "Middle East and North Africa", "Country": "Lebanon", "Item Type": "Office Supplies", "Sales Channel": "Online", "Order Priority": "L", "Order Date": "2018-04-21", "Order ID": "654855997", "Ship Date": "2023-03-25", "Units Sold": 8823.0, "Unit Price": 258.33, "Unit Cost": 147.67, "Total Revenue": 2279245.59, "Total Cost": 1302892.41, "Total Profit": 976353.18, "ItemID": "ATURKOFF0025MT", "Supplier": "Staples-TUR", "SuplierRegion": "Middle East and North Africa", "SuplierCountry": "Turkey"}, {"Region": "Sub-Saharan Africa", "Country": "Malawi", "Item Type": "Vegetables", "Sales Channel": "Online", "Order Priority": "C", "Order Date": "2015-02-10", "Order ID": "724459903", "Ship Date": "2019-01-27", "Units Sold": 7839.0, "Unit Price": 146.36, "Unit Cost": 70.93, "Total Revenue": 1147316.04, "Total Cost": 556020.27, "Total Profit": 591295.77, "ItemID": "AMALAVEG0014UE", "Supplier": "Edeka-UK", "SuplierRegion": "United Kingdom", "SuplierCountry": "Europe"}, {"Region": "Middle East and North Africa", "Country": "Morocco", "Item Type": "Clothes", "Sales Channel": "Offline", "Order Priority": "M", "Order Date": "2018-10-10", "Order ID": "871365809", "Ship Date": "2023-09-11", "Units Sold": 8223.0, "Unit Price": 98.35, "Unit Cost": 30.46, "Total Revenue": 808732.05, "Total Cost": 250472.58, "Total Profit": 558259.47, "ItemID": "AKAZACLO0009GE", "Supplier": "H&M-DE", "SuplierRegion": "Germany", "SuplierCountry": "Europe"}, {"Region": "North America", "Country": "Greenland", "Item Type": "Personal Care", "Sales Channel": "Offline", "Order Priority": "C", "Order Date": "2020-07-20", "Order ID": "729151054", "Ship Date": "2023-09-29", "Units Sold": 4980.0, "Unit Price": 71.11, "Unit Cost": 52.14, "Total Revenue": 354127.8, "Total Cost": 259657.2, "Total Profit": 94470.6, "ItemID": "ATAJIPER0023UE", "Supplier": "Health-UK", "SuplierRegion": "United Kingdom", "SuplierCountry": "Europe"}, {"Region": "Sub-Saharan Africa", "Country": "Kenya", "Item Type": "Clothes", "Sales Channel": "Offline", "Order Priority": "H", "Order Date": "2017-01-12", "Order ID": "892962537", "Ship Date": "2017-09-06", "Units Sold": 5146.0, "Unit Price": 128.95, "Unit Cost": 27.24, "Total Revenue": 663576.7, "Total Cost": 140177.04, "Total Profit": 523399.66, "ItemID": "ASRI CLO0021UE", "Supplier": "H&M-UK", "SuplierRegion": "United Kingdom", "SuplierCountry": "Europe"}, {"Region": "Europe", "Country": "Czech Republic", "Item Type": "Office Supplies", "Sales Channel": "Online", "Order Priority": "M", "Order Date": "2014-10-17", "Order ID": "277796851", "Ship Date": "2018-04-18", "Units Sold": 2789.0, "Unit Price": 258.33, "Unit Cost": 147.67, "Total Revenue": 720482.37, "Total Cost": 411851.63, "Total Profit": 308630.74, "ItemID": "ATURKOFF0025MT", "Supplier": "Staples-TUR", "SuplierRegion": "Middle East and North Africa", "SuplierCountry": "Turkey"}, {"Region": "Europe", "Country": "Portugal", "Item Type": "Meat", "Sales Channel": "Online", "Order Priority": "H", "Order Date": "2019-09-15", "Order ID": "876960080", "Ship Date": "2023-01-04", "Units Sold": 4006.0, "Unit Price": 493.61, "Unit Cost": 328.22, "Total Revenue": 1977401.66, "Total Cost": 1314849.32, "Total Profit": 662552.34, "ItemID": "AKYRGMEA0012GE", "Supplier": "Fegro-DE", "SuplierRegion": "Germany", "SuplierCountry": "Europe"}, {"Region": "Sub-Saharan Africa", "Country": "Sao Tome and Principe", "Item Type": "Cereal", "Sales Channel": "Online", "Order Priority": "C", "Order Date": "2012-12-18", "Order ID": "745614045", "Ship Date": "2018-10-27", "Units Sold": 1928.0, "Unit Price": 158.39, "Unit Cost": 106.57, "Total Revenue": 305375.92, "Total Cost": 205466.96, "Total Profit": 99908.96, "ItemID": "AMYANCER0017UE", "Supplier": "Rewe-UK", "SuplierRegion": "United Kingdom", "SuplierCountry": "Europe"}, {"Region": "Asia", "Country": "South Korea", "Item Type": "Fruits", "Sales Channel": "Online", "Order Priority": "L", "Order Date": "2014-11-22", "Order ID": "119422966", "Ship Date": "2016-04-14", "Units Sold": 1716.0, "Unit Price": 284.19, "Unit Cost": 172.75, "Total Revenue": 487670.04, "Total Cost": 296439.0, "Total Profit": 191231.04, "ItemID": "AVIETFRU0027MT", "Supplier": "Penny-TUR", "SuplierRegion": "Middle East and North Africa", "SuplierCountry": "Turkey"}, {"Region": "Asia", "Country": "India", "Item Type": "Cosmetics", "Sales Channel": "Offline", "Order Priority": "M", "Order Date": "2023-07-27", "Order ID": "573083228", "Ship Date": "2023-12-23", "Units Sold": 5563.0, "Unit Price": 419.71, "Unit Cost": 229.1, "Total Revenue": 2334846.73, "Total Cost": 1274483.3, "Total Profit": 1060363.43, "ItemID": "AMONGCOS0016UE", "Supplier": "Beauty-UK", "SuplierRegion": "United Kingdom", "SuplierCountry": "Europe"}, {"Region": "Central America and the Caribbean", "Country": "Honduras", "Item Type": "Baby Food", "Sales Channel": "Online", "Order Priority": "H", "Order Date": "2010-11-14", "Order ID": "931710487", "Ship Date": "2015-04-25", "Units Sold": 7691.0, "Unit Price": 230.92, "Unit Cost": 181.07, "Total Revenue": 1776005.72, "Total Cost": 1392609.37, "Total Profit": 383396.35, "ItemID": "EAUSTBAB0054EN", "Supplier": "Hipp-NL", "SuplierRegion": "Europe", "SuplierCountry": "Netherlands"}, {"Region": "Asia", "Country": "Kazakhstan", "Item Type": "Beverages", "Sales Channel": "Offline", "Order Priority": "L", "Order Date": "2021-06-24", "Order ID": "915519835", "Ship Date": "2022-03-09", "Units Sold": 9357.0, "Unit Price": 224.71, "Unit Cost": 165.54, "Total Revenue": 2102611.47, "Total Cost": 1548957.78, "Total Profit": 553653.69, "ItemID": "EBELABEV0055EN", "Supplier": "WIFA-NL", "SuplierRegion": "Europe", "SuplierCountry": "Netherlands"}, {"Region": "Europe", "Country": "Montenegro", "Item Type": "Cosmetics", "Sales Channel": "Online", "Order Priority": "C", "Order Date": "2020-01-11", "Order ID": "818494390", "Ship Date": "2022-02-26", "Units Sold": 3845.0, "Unit Price": 242.36, "Unit Cost": 178.69, "Total Revenue": 931874.2, "Total Cost": 687063.05, "Total Profit": 244811.15, "ItemID": "MAFGHCOS0028MT", "Supplier": "Beauty-TUR", "SuplierRegion": "Middle East and North Africa", "SuplierCountry": "Turkey"}, {"Region": "Europe", "Country": "Croatia", "Item Type": "Baby Food", "Sales Channel": "Offline", "Order Priority": "L", "Order Date": "2016-04-16", "Order ID": "386653802", "Ship Date": "2017-03-14", "Units Sold": 1474.0, "Unit Price": 256.84, "Unit Cost": 154.97, "Total Revenue": 378582.16, "Total Cost": 228425.78, "Total Profit": 150156.38, "ItemID": "MPAKIBAB0042UN", "Supplier": "Hipp-US", "SuplierRegion": "United States of America", "SuplierCountry": "North America"}, {"Region": "Asia", "Country": "Maldives", "Item Type": "Personal Care", "Sales Channel": "Offline", "Order Priority": "H", "Order Date": "2020-09-12", "Order ID": "361771655", "Ship Date": "2023-10-02", "Units Sold": 4592.0, "Unit Price": 171.87, "Unit Cost": 175.5, "Total Revenue": 789227.04, "Total Cost": 805896.0, "Total Profit": "-16668,96", "ItemID": "MTUNIPER0047UN", "Supplier": "Health-US", "SuplierRegion": "United States of America", "SuplierCountry": "North America"}, {"Region": "Europe", "Country": "United Kingdom", "Item Type": "Office Supplies", "Sales Channel": "Offline", "Order Priority": "L", "Order Date": "2010-08-06", "Order ID": "653371168", "Ship Date": "2013-06-25", "Units Sold": 2579.0, "Unit Price": 213.85, "Unit Cost": 156.42, "Total Revenue": 551519.15, "Total Cost": 403407.18, "Total Profit": 148111.97, "ItemID": "MUNITOFF0049EN", "Supplier": "Staples-NL", "SuplierRegion": "Europe", "SuplierCountry": "Netherlands"}, {"Region": "Europe", "Country": "Denmark", "Item Type": "Clothes", "Sales Channel": "Online", "Order Priority": "H", "Order Date": "2013-10-07", "Order ID": "850356602", "Ship Date": "2020-06-06", "Units Sold": 6846.0, "Unit Price": 98.35, "Unit Cost": 30.46, "Total Revenue": 673304.1, "Total Cost": 208529.16, "Total Profit": 464774.94, "ItemID": "AKAZACLO0009GE", "Supplier": "H&M-DE", "SuplierRegion": "Germany", "SuplierCountry": "Europe"}, {"Region": "Central America and the Caribbean", "Country": "Dominican Republic", "Item Type": "Baby Food", "Sales Channel": "Online", "Order Priority": "L", "Order Date": "2019-04-17", "Order ID": "565801410", "Ship Date": "2021-07-05", "Units Sold": 5835.0, "Unit Price": 201.67, "Unit Cost": 140.29, "Total Revenue": 1176744.45, "Total Cost": 818592.15, "Total Profit": 358152.3, "ItemID": "ANEPABAB0018UE", "Supplier": "Hipp-UK", "SuplierRegion": "United Kingdom", "SuplierCountry": "Europe"}, {"Region": "Middle East and North Africa", "Country": "Turkey", "Item Type": "Personal Care", "Sales Channel": "Online", "Order Priority": "H", "Order Date": "2022-06-26", "Order ID": "139609548", "Ship Date": "2023-07-11", "Units Sold": 21.0, "Unit Price": 171.87, "Unit Cost": 175.5, "Total Revenue": 3609.27, "Total Cost": 3685.5, "Total Profit": "-76,23", "ItemID": "MTUNIPER0047UN", "Supplier": "Health-US", "SuplierRegion": "United States of America", "SuplierCountry": "North America"}, {"Region": "Sub-Saharan Africa", "Country": "Cape Verde", "Item Type": "Beverages", "Sales Channel": "Offline", "Order Priority": "C", "Order Date": "2022-09-17", "Order ID": "948269117", "Ship Date": "2022-10-22", "Units Sold": 6907.0, "Unit Price": 224.71, "Unit Cost": 165.54, "Total Revenue": 1552071.97, "Total Cost": 1143384.78, "Total Profit": 408687.19, "ItemID": "EBELABEV0055EN", "Supplier": "WIFA-NL", "SuplierRegion": "Europe", "SuplierCountry": "Netherlands"}, {"Region": "Middle East and North Africa", "Country": "Afghanistan", "Item Type": "Office Supplies", "Sales Channel": "Offline", "Order Priority": "L", "Order Date": "2011-06-16", "Order ID": "967409556", "Ship Date": "2012-10-22", "Units Sold": 6031.0, "Unit Price": 258.33, "Unit Cost": 147.67, "Total Revenue": 1557988.23, "Total Cost": 890597.77, "Total Profit": 667390.46, "ItemID": "ATURKOFF0025MT", "Supplier": "Staples-TUR", "SuplierRegion": "Middle East and North Africa", "SuplierCountry": "Turkey"}, {"Region": "Middle East and North Africa", "Country": "Turkey", "Item Type": "Household", "Sales Channel": "Offline", "Order Priority": "M", "Order Date": "2011-02-03", "Order ID": "439572581", "Ship Date": "2017-12-29", "Units Sold": 3959.0, "Unit Price": 180.33, "Unit Cost": 156.74, "Total Revenue": 713926.47, "Total Cost": 620533.66, "Total Profit": 93392.81, "ItemID": "EICELHOU0070ES", "Supplier": "Wholesale-ESP", "SuplierRegion": "Europe", "SuplierCountry": "Spain"}, {"Region": "Central America and the Caribbean", "Country": "Antigua and Barbuda ", "Item Type": "Fruits", "Sales Channel": "Offline", "Order Priority": "H", "Order Date": "2018-09-02", "Order ID": "908256391", "Ship Date": "2020-05-01", "Units Sold": 9290.0, "Unit Price": 257.04, "Unit Cost": 154.35, "Total Revenue": 2387901.6, "Total Cost": 1433911.5, "Total Profit": 953990.1, "ItemID": "MLIBYFRU0039UN", "Supplier": "Penny-US", "SuplierRegion": "United States of America", "SuplierCountry": "North America"}, {"Region": "Australia and Oceania", "Country": "New Zealand", "Item Type": "Personal Care", "Sales Channel": "Offline", "Order Priority": "M", "Order Date": "2013-08-20", "Order ID": "755356665", "Ship Date": "2023-06-11", "Units Sold": 7654.0, "Unit Price": 156.05, "Unit Cost": 160.47, "Total Revenue": 1194406.7, "Total Cost": 1228237.38, "Total Profit": "-33830,68", "ItemID": "ECROAPER0059EN", "Supplier": "Health-NL", "SuplierRegion": "Europe", "SuplierCountry": "Netherlands"}, {"Region": "Europe", "Country": "Armenia", "Item Type": "Office Supplies", "Sales Channel": "Offline", "Order Priority": "C", "Order Date": "2014-01-09", "Order ID": "343391743", "Ship Date": "2015-10-28", "Units Sold": 6712.0, "Unit Price": 145.44, "Unit Cost": 150.95, "Total Revenue": 976193.28, "Total Cost": 1013176.4, "Total Profit": "-36983,12", "ItemID": "ECZECOFF0061ES", "Supplier": "Staples-ESP", "SuplierRegion": "Europe", "SuplierCountry": "Spain"}, {"Region": "Sub-Saharan Africa", "Country": "Cote d'Ivoire", "Item Type": "Fruits", "Sales Channel": "Offline", "Order Priority": "M", "Order Date": "2019-01-16", "Order ID": "627723974", "Ship Date": "2019-07-12", "Units Sold": 1157.0, "Unit Price": 257.04, "Unit Cost": 154.35, "Total Revenue": 297395.28, "Total Cost": 178582.95, "Total Profit": 118812.33, "ItemID": "MLIBYFRU0039UN", "Supplier": "Penny-US", "SuplierRegion": "United States of America", "SuplierCountry": "North America"}, {"Region": "Europe", "Country": "Ireland", "Item Type": "Snacks", "Sales Channel": "Online", "Order Priority": "L", "Order Date": "2010-01-20", "Order ID": "902445152", "Ship Date": "2020-05-27", "Units Sold": 7712.0, "Unit Price": 169.36, "Unit Cost": 87.7, "Total Revenue": 1306104.32, "Total Cost": 676342.4, "Total Profit": 629761.92, "ItemID": "AJAPASNA0008GE", "Supplier": "Edeka-DE", "SuplierRegion": "Germany", "SuplierCountry": "Europe"}, {"Region": "Sub-Saharan Africa", "Country": "Djibouti", "Item Type": "Snacks", "Sales Channel": "Online", "Order Priority": "H", "Order Date": "2015-12-05", "Order ID": "936337470", "Ship Date": "2023-09-23", "Units Sold": 132.0, "Unit Price": 256.5, "Unit Cost": 145.67, "Total Revenue": 33858.0, "Total Cost": 19228.44, "Total Profit": 14629.56, "ItemID": "MSAUDSNA0044UN", "Supplier": "Edeka-US", "SuplierRegion": "United States of America", "SuplierCountry": "North America"}, {"Region": "Middle East and North Africa", "Country": "Algeria", "Item Type": "Baby Food", "Sales Channel": "Online", "Order Priority": "M", "Order Date": "2018-12-22", "Order ID": "236343616", "Ship Date": "2023-03-11", "Units Sold": 4203.0, "Unit Price": 221.44, "Unit Cost": 173.45, "Total Revenue": 930712.32, "Total Cost": 729010.35, "Total Profit": 201701.97, "ItemID": "MAZERBAB0030MT", "Supplier": "Hipp-TUR", "SuplierRegion": "Middle East and North Africa", "SuplierCountry": "Turkey"}, {"Region": "Europe", "Country": "Liechtenstein", "Item Type": "Cereal", "Sales Channel": "Online", "Order Priority": "C", "Order Date": "2011-01-22", "Order ID": "718755440", "Ship Date": "2017-05-12", "Units Sold": 2742.0, "Unit Price": 217.45, "Unit Cost": 165.11, "Total Revenue": 596247.9, "Total Cost": 452731.62, "Total Profit": 143516.28, "ItemID": "EARMECER0053EN", "Supplier": "Rewe-NL", "SuplierRegion": "Europe", "SuplierCountry": "Netherlands"}, {"Region": "Asia", "Country": "Vietnam", "Item Type": "Snacks", "Sales Channel": "Offline", "Order Priority": "C", "Order Date": "2010-09-11", "Order ID": "380829585", "Ship Date": "2023-12-23", "Units Sold": 599.0, "Unit Price": 169.36, "Unit Cost": 87.7, "Total Revenue": 101446.64, "Total Cost": 52532.3, "Total Profit": 48914.34, "ItemID": "AJAPASNA0008GE", "Supplier": "Edeka-DE", "SuplierRegion": "Germany", "SuplierCountry": "Europe"}, {"Region": "Europe", "Country": "Macedonia", "Item Type": "Baby Food", "Sales Channel": "Online", "Order Priority": "H", "Order Date": "2019-07-20", "Order ID": "713933929", "Ship Date": "2020-03-12", "Units Sold": 9653.0, "Unit Price": 192.5, "Unit Cost": 171.93, "Total Revenue": 1858202.5, "Total Cost": 1659640.29, "Total Profit": 198562.21, "ItemID": "EGEORBAB0066ES", "Supplier": "Hipp-ESP", "SuplierRegion": "Europe", "SuplierCountry": "Spain"}, {"Region": "Middle East and North Africa", "Country": "Azerbaijan", "Item Type": "Personal Care", "Sales Channel": "Offline", "Order Priority": "H", "Order Date": "2010-06-25", "Order ID": "186439254", "Ship Date": "2021-06-16", "Units Sold": 3815.0, "Unit Price": 156.05, "Unit Cost": 160.47, "Total Revenue": 595330.75, "Total Cost": 612193.05, "Total Profit": "-16862,30", "ItemID": "ECROAPER0059EN", "Supplier": "Health-NL", "SuplierRegion": "Europe", "SuplierCountry": "Netherlands"}, {"Region": "Sub-Saharan Africa", "Country": "Cape Verde", "Item Type": "Office Supplies", "Sales Channel": "Offline", "Order Priority": "L", "Order Date": "2015-11-22", "Order ID": "783742471", "Ship Date": "2016-06-06", "Units Sold": 4027.0, "Unit Price": 258.33, "Unit Cost": 147.67, "Total Revenue": 1040294.91, "Total Cost": 594667.09, "Total Profit": 445627.82, "ItemID": "ATURKOFF0025MT", "Supplier": "Staples-TUR", "SuplierRegion": "Middle East and North Africa", "SuplierCountry": "Turkey"}, {"Region": "Middle East and North Africa", "Country": "Syria", "Item Type": "Vegetables", "Sales Channel": "Offline", "Order Priority": "M", "Order Date": "2013-11-14", "Order ID": "180686254", "Ship Date": "2017-02-17", "Units Sold": 3264.0, "Unit Price": 291.48, "Unit Cost": 153.56, "Total Revenue": 951390.72, "Total Cost": 501219.84, "Total Profit": 450170.88, "ItemID": "AUZBEVEG0026MT", "Supplier": "Edeka-TUR", "SuplierRegion": "Middle East and North Africa", "SuplierCountry": "Turkey"}, {"Region": "Europe", "Country": "Luxembourg", "Item Type": "Office Supplies", "Sales Channel": "Offline", "Order Priority": "M", "Order Date": "2019-10-24", "Order ID": "197204937", "Ship Date": "2019-11-12", "Units Sold": 1530.0, "Unit Price": 266.15, "Unit Cost": 182.8, "Total Revenue": 407209.5, "Total Cost": 279684.0, "Total Profit": 127525.5, "ItemID": "MKUWAOFF0037UN", "Supplier": "Staples-US", "SuplierRegion": "United States of America", "SuplierCountry": "North America"}, {"Region": "Sub-Saharan Africa", "Country": "Chad", "Item Type": "Meat", "Sales Channel": "Online", "Order Priority": "L", "Order Date": "2018-08-27", "Order ID": "811414418", "Ship Date": "2023-02-23", "Units Sold": 861.0, "Unit Price": 213.2, "Unit Cost": 158.69, "Total Revenue": 183565.2, "Total Cost": 136632.09, "Total Profit": 46933.11, "ItemID": "ECYPRMEA0060EN", "Supplier": "Fegro-NL", "SuplierRegion": "Europe", "SuplierCountry": "Netherlands"}, {"Region": "Asia", "Country": "Bangladesh", "Item Type": "Household", "Sales Channel": "Offline", "Order Priority": "M", "Order Date": "2021-11-06", "Order ID": "507585749", "Ship Date": "2022-10-17", "Units Sold": 324.0, "Unit Price": 641.54, "Unit Cost": 472.39, "Total Revenue": 207858.96, "Total Cost": 153054.36, "Total Profit": 54804.6, "ItemID": "ANORTHOU0010GE", "Supplier": "Wholesale-DE", "SuplierRegion": "Germany", "SuplierCountry": "Europe"}, {"Region": "Asia", "Country": "Nepal", "Item Type": "Snacks", "Sales Channel": "Offline", "Order Priority": "L", "Order Date": "2014-11-08", "Order ID": "157330926", "Ship Date": "2020-08-02", "Units Sold": 1019.0, "Unit Price": 256.5, "Unit Cost": 145.67, "Total Revenue": 261373.5, "Total Cost": 148437.73, "Total Profit": 112935.77, "ItemID": "MSAUDSNA0044UN", "Supplier": "Edeka-US", "SuplierRegion": "United States of America", "SuplierCountry": "North America"}, {"Region": "Asia", "Country": "Uzbekistan", "Item Type": "Fruits", "Sales Channel": "Offline", "Order Priority": "M", "Order Date": "2010-05-18", "Order ID": "873304276", "Ship Date": "2016-02-14", "Units Sold": 1075.0, "Unit Price": 7.65, "Unit Cost": 6.37, "Total Revenue": 8223.75, "Total Cost": 6847.75, "Total Profit": 1376.0, "ItemID": "AMALDFRU0015UE", "Supplier": "Penny-UK", "SuplierRegion": "United Kingdom", "SuplierCountry": "Europe"}, {"Region": "Middle East and North Africa", "Country": "Lebanon", "Item Type": "Beverages", "Sales Channel": "Online", "Order Priority": "C", "Order Date": "2016-04-30", "Order ID": "371911663", "Ship Date": "2019-09-08", "Units Sold": 653.0, "Unit Price": 51.25, "Unit Cost": 25.75, "Total Revenue": 33466.25, "Total Cost": 16814.75, "Total Profit": 16651.5, "ItemID": "APHILBEV0019UE", "Supplier": "WIFA-UK", "SuplierRegion": "United Kingdom", "SuplierCountry": "Europe"}, {"Region": "Sub-Saharan Africa", "Country": "Eritrea", "Item Type": "Baby Food", "Sales Channel": "Online", "Order Priority": "M", "Order Date": "2022-05-10", "Order ID": "530678746", "Ship Date": "2023-01-26", "Units Sold": 6946.0, "Unit Price": 192.5, "Unit Cost": 171.93, "Total Revenue": 1337105.0, "Total Cost": 1194225.78, "Total Profit": 142879.22, "ItemID": "EGEORBAB0066ES", "Supplier": "Hipp-ESP", "SuplierRegion": "Europe", "SuplierCountry": "Spain"}, {"Region": "Asia", "Country": "Nepal", "Item Type": "Personal Care", "Sales Channel": "Online", "Order Priority": "H", "Order Date": "2019-05-17", "Order ID": "462933887", "Ship Date": "2020-09-21", "Units Sold": 9177.0, "Unit Price": 171.87, "Unit Cost": 175.5, "Total Revenue": 1577250.99, "Total Cost": 1610563.5, "Total Profit": "-33312,51", "ItemID": "MTUNIPER0047UN", "Supplier": "Health-US", "SuplierRegion": "United States of America", "SuplierCountry": "North America"}, {"Region": "Australia and Oceania", "Country": "Tuvalu", "Item Type": "Baby Food", "Sales Channel": "Offline", "Order Priority": "C", "Order Date": "2013-12-12", "Order ID": "740917607", "Ship Date": "2020-11-22", "Units Sold": 3601.0, "Unit Price": 230.92, "Unit Cost": 181.07, "Total Revenue": 831542.92, "Total Cost": 652033.07, "Total Profit": 179509.85, "ItemID": "EAUSTBAB0054EN", "Supplier": "Hipp-NL", "SuplierRegion": "Europe", "SuplierCountry": "Netherlands"}, {"Region": "Asia", "Country": "South Korea", "Item Type": "Vegetables", "Sales Channel": "Offline", "Order Priority": "L", "Order Date": "2023-12-27", "Order ID": "261599515", "Ship Date": "2024-01-06", "Units Sold": 8505.0, "Unit Price": 212.19, "Unit Cost": 178.99, "Total Revenue": 1804675.95, "Total Cost": 1522309.95, "Total Profit": 282366.0, "ItemID": "EDENMVEG0062ES", "Supplier": "Edeka-ESP", "SuplierRegion": "Europe", "SuplierCountry": "Spain"}, {"Region": "Europe", "Country": "Bulgaria", "Item Type": "Snacks", "Sales Channel": "Offline", "Order Priority": "M", "Order Date": "2020-11-09", "Order ID": "834751426", "Ship Date": "2022-04-10", "Units Sold": 9205.0, "Unit Price": 251.34, "Unit Cost": 173.93, "Total Revenue": 2313584.7, "Total Cost": 1601025.65, "Total Profit": 712559.05, "ItemID": "MEGYPSNA0032MT", "Supplier": "Edeka-TUR", "SuplierRegion": "Middle East and North Africa", "SuplierCountry": "Turkey"}, {"Region": "Central America and the Caribbean", "Country": "Saint Vincent and the Grenadines", "Item Type": "Beverages", "Sales Channel": "Online", "Order Priority": "C", "Order Date": "2023-11-03", "Order ID": "556903177", "Ship Date": "2023-12-29", "Units Sold": 3051.0, "Unit Price": 51.25, "Unit Cost": 25.75, "Total Revenue": 156363.75, "Total Cost": 78563.25, "Total Profit": 77800.5, "ItemID": "APHILBEV0019UE", "Supplier": "WIFA-UK", "SuplierRegion": "United Kingdom", "SuplierCountry": "Europe"}, {"Region": "Europe", "Country": "Iceland", "Item Type": "Snacks", "Sales Channel": "Online", "Order Priority": "L", "Order Date": "2023-06-17", "Order ID": "228035539", "Ship Date": "2023-10-03", "Units Sold": 4421.0, "Unit Price": 169.59, "Unit Cost": 170.37, "Total Revenue": 749757.39, "Total Cost": 753205.77, "Total Profit": "-3448,38", "ItemID": "EGREESNA0068ES", "Supplier": "Edeka-ESP", "SuplierRegion": "Europe", "SuplierCountry": "Spain"}, {"Region": "Sub-Saharan Africa", "Country": "Botswana", "Item Type": "Beverages", "Sales Channel": "Offline", "Order Priority": "M", "Order Date": "2018-06-13", "Order ID": "781344985", "Ship Date": "2019-08-28", "Units Sold": 9728.0, "Unit Price": 183.43, "Unit Cost": 154.6, "Total Revenue": 1784407.04, "Total Cost": 1503948.8, "Total Profit": 280458.24, "ItemID": "MBAHRBEV0031MT", "Supplier": "WIFA-TUR", "SuplierRegion": "Middle East and North Africa", "SuplierCountry": "Turkey"}, {"Region": "Asia", "Country": "Taiwan", "Item Type": "Meat", "Sales Channel": "Online", "Order Priority": "L", "Order Date": "2014-09-24", "Order ID": "618326126", "Ship Date": "2019-04-20", "Units Sold": 2414.0, "Unit Price": 238.37, "Unit Cost": 171.02, "Total Revenue": 575425.18, "Total Cost": 412842.28, "Total Profit": 162582.9, "ItemID": "MJORDMEA0036MT", "Supplier": "Fegro-TUR", "SuplierRegion": "Middle East and North Africa", "SuplierCountry": "Turkey"}, {"Region": "Middle East and North Africa", "Country": "Iran", "Item Type": "Cereal", "Sales Channel": "Offline", "Order Priority": "L", "Order Date": "2013-12-25", "Order ID": "650718800", "Ship Date": "2014-03-24", "Units Sold": 7952.0, "Unit Price": 158.39, "Unit Cost": 106.57, "Total Revenue": 1259517.28, "Total Cost": 847444.64, "Total Profit": 412072.64, "ItemID": "AMYANCER0017UE", "Supplier": "Rewe-UK", "SuplierRegion": "United Kingdom", "SuplierCountry": "Europe"}, {"Region": "Sub-Saharan Africa", "Country": "Chad", "Item Type": "Cereal", "Sales Channel": "Offline", "Order Priority": "L", "Order Date": "2016-12-04", "Order ID": "989993895", "Ship Date": "2018-05-20", "Units Sold": 8847.0, "Unit Price": 201.57, "Unit Cost": 158.63, "Total Revenue": 1783289.79, "Total Cost": 1403399.61, "Total Profit": 379890.18, "ItemID": "MOMANCER0041UN", "Supplier": "Rewe-US", "SuplierRegion": "United States of America", "SuplierCountry": "North America"}, {"Region": "Europe", "Country": "Poland", "Item Type": "Baby Food", "Sales Channel": "Online", "Order Priority": "M", "Order Date": "2013-08-02", "Order ID": "493785372", "Ship Date": "2014-01-30", "Units Sold": 9636.0, "Unit Price": 230.92, "Unit Cost": 181.07, "Total Revenue": 2225145.12, "Total Cost": 1744790.52, "Total Profit": 480354.6, "ItemID": "EAUSTBAB0054EN", "Supplier": "Hipp-NL", "SuplierRegion": "Europe", "SuplierCountry": "Netherlands"}, {"Region": "Central America and the Caribbean", "Country": "Belize", "Item Type": "Fruits", "Sales Channel": "Online", "Order Priority": "M", "Order Date": "2015-09-25", "Order ID": "733016833", "Ship Date": "2019-09-22", "Units Sold": 1885.0, "Unit Price": 200.95, "Unit Cost": 173.25, "Total Revenue": 378790.75, "Total Cost": 326576.25, "Total Profit": 52214.5, "ItemID": "EESTOFRU0063ES", "Supplier": "Penny-ESP", "SuplierRegion": "Europe", "SuplierCountry": "Spain"}, {"Region": "Asia", "Country": "Laos", "Item Type": "Meat", "Sales Channel": "Offline", "Order Priority": "H", "Order Date": "2013-12-31", "Order ID": "747951093", "Ship Date": "2019-09-13", "Units Sold": 9194.0, "Unit Price": 345.95, "Unit Cost": 309.99, "Total Revenue": 3180664.3, "Total Cost": 2850048.06, "Total Profit": 330616.24, "ItemID": "ATHAIMEA0024UE", "Supplier": "Fegro-UK", "SuplierRegion": "United Kingdom", "SuplierCountry": "Europe"}, {"Region": "Europe", "Country": "Ireland", "Item Type": "Cosmetics", "Sales Channel": "Online", "Order Priority": "H", "Order Date": "2022-12-11", "Order ID": "126563484", "Ship Date": "2023-01-13", "Units Sold": 2191.0, "Unit Price": 242.36, "Unit Cost": 178.69, "Total Revenue": 531010.76, "Total Cost": 391509.79, "Total Profit": 139500.97, "ItemID": "MAFGHCOS0028MT", "Supplier": "Beauty-TUR", "SuplierRegion": "Middle East and North Africa", "SuplierCountry": "Turkey"}, {"Region": "Sub-Saharan Africa", "Country": "Mauritania", "Item Type": "Beverages", "Sales Channel": "Offline", "Order Priority": "H", "Order Date": "2021-01-27", "Order ID": "288006862", "Ship Date": "2022-07-19", "Units Sold": 3540.0, "Unit Price": 217.53, "Unit Cost": 149.36, "Total Revenue": 770056.2, "Total Cost": 528734.4, "Total Profit": 241321.8, "ItemID": "MQATABEV0043UN", "Supplier": "WIFA-US", "SuplierRegion": "United States of America", "SuplierCountry": "North America"}, {"Region": "Asia", "Country": "Malaysia", "Item Type": "Office Supplies", "Sales Channel": "Offline", "Order Priority": "M", "Order Date": "2019-06-17", "Order ID": "106115145", "Ship Date": "2020-06-12", "Units Sold": 2931.0, "Unit Price": 258.33, "Unit Cost": 147.67, "Total Revenue": 757165.23, "Total Cost": 432820.77, "Total Profit": 324344.46, "ItemID": "ATURKOFF0025MT", "Supplier": "Staples-TUR", "SuplierRegion": "Middle East and North Africa", "SuplierCountry": "Turkey"}, {"Region": "Sub-Saharan Africa", "Country": "Eritrea", "Item Type": "Vegetables", "Sales Channel": "Online", "Order Priority": "M", "Order Date": "2011-09-03", "Order ID": "270446279", "Ship Date": "2017-04-20", "Units Sold": 2088.0, "Unit Price": 291.48, "Unit Cost": 153.56, "Total Revenue": 608610.24, "Total Cost": 320633.28, "Total Profit": 287976.96, "ItemID": "AUZBEVEG0026MT", "Supplier": "Edeka-TUR", "SuplierRegion": "Middle East and North Africa", "SuplierCountry": "Turkey"}, {"Region": "Sub-Saharan Africa", "Country": "Mauritania", "Item Type": "Vegetables", "Sales Channel": "Online", "Order Priority": "M", "Order Date": "2020-01-11", "Order ID": "967954584", "Ship Date": "2020-01-25", "Units Sold": 9767.0, "Unit Price": 146.36, "Unit Cost": 70.93, "Total Revenue": 1429498.12, "Total Cost": 692773.31, "Total Profit": 736724.81, "ItemID": "AMALAVEG0014UE", "Supplier": "Edeka-UK", "SuplierRegion": "United Kingdom", "SuplierCountry": "Europe"}, {"Region": "Middle East and North Africa", "Country": "Algeria", "Item Type": "Cereal", "Sales Channel": "Online", "Order Priority": "H", "Order Date": "2010-03-02", "Order ID": "186088191", "Ship Date": "2022-01-09", "Units Sold": 6753.0, "Unit Price": 217.45, "Unit Cost": 165.11, "Total Revenue": 1468439.85, "Total Cost": 1114987.83, "Total Profit": 353452.02, "ItemID": "EARMECER0053EN", "Supplier": "Rewe-NL", "SuplierRegion": "Europe", "SuplierCountry": "Netherlands"}, {"Region": "Asia", "Country": "India", "Item Type": "Vegetables", "Sales Channel": "Offline", "Order Priority": "C", "Order Date": "2021-12-23", "Order ID": "802311146", "Ship Date": "2022-09-11", "Units Sold": 864.0, "Unit Price": 250.48, "Unit Cost": 182.08, "Total Revenue": 216414.72, "Total Cost": 157317.12, "Total Profit": 59097.6, "ItemID": "MYEMEVEG0050EN", "Supplier": "Edeka-NL", "SuplierRegion": "Europe", "SuplierCountry": "Netherlands"}, {"Region": "Central America and the Caribbean", "Country": "El Salvador", "Item Type": "Baby Food", "Sales Channel": "Online", "Order Priority": "H", "Order Date": "2018-02-10", "Order ID": "188348044", "Ship Date": "2023-07-13", "Units Sold": 1948.0, "Unit Price": 288.47, "Unit Cost": 119.57, "Total Revenue": 561939.56, "Total Cost": 232922.36, "Total Profit": 329017.2, "ItemID": "AINDIBAB0006GE", "Supplier": "Hipp-DE", "SuplierRegion": "Germany", "SuplierCountry": "Europe"}, {"Region": "Europe", "Country": "Liechtenstein", "Item Type": "Snacks", "Sales Channel": "Offline", "Order Priority": "M", "Order Date": "2011-05-07", "Order ID": "870393980", "Ship Date": "2018-10-06", "Units Sold": 6885.0, "Unit Price": 143.8, "Unit Cost": 169.71, "Total Revenue": 990063.0, "Total Cost": 1168453.35, "Total Profit": "-178390,35", "ItemID": "EBELGSNA0056EN", "Supplier": "Edeka-NL", "SuplierRegion": "Europe", "SuplierCountry": "Netherlands"}, {"Region": "Sub-Saharan Africa", "Country": "South Sudan", "Item Type": "Personal Care", "Sales Channel": "Offline", "Order Priority": "L", "Order Date": "2019-07-04", "Order ID": "586792597", "Ship Date": "2022-05-12", "Units Sold": 4587.0, "Unit Price": 197.58, "Unit Cost": 189.14, "Total Revenue": 906299.46, "Total Cost": 867585.18, "Total Profit": 38714.28, "ItemID": "EIRELPER0071ES", "Supplier": "Health-ESP", "SuplierRegion": "Europe", "SuplierCountry": "Spain"}, {"Region": "Sub-Saharan Africa", "Country": "Sao Tome and Principe", "Item Type": "Vegetables", "Sales Channel": "Offline", "Order Priority": "L", "Order Date": "2014-12-22", "Order ID": "116984030", "Ship Date": "2019-12-04", "Units Sold": 996.0, "Unit Price": 250.48, "Unit Cost": 182.08, "Total Revenue": 249478.08, "Total Cost": 181351.68, "Total Profit": 68126.4, "ItemID": "MYEMEVEG0050EN", "Supplier": "Edeka-NL", "SuplierRegion": "Europe", "SuplierCountry": "Netherlands"}, {"Region": "Asia", "Country": "Kazakhstan", "Item Type": "Snacks", "Sales Channel": "Offline", "Order Priority": "L", "Order Date": "2015-04-06", "Order ID": "367968084", "Ship Date": "2016-05-18", "Units Sold": 4085.0, "Unit Price": 183.1, "Unit Cost": 91.59, "Total Revenue": 747963.5, "Total Cost": 374145.15, "Total Profit": 373818.35, "ItemID": "ASINGSNA0020UE", "Supplier": "Edeka-UK", "SuplierRegion": "United Kingdom", "SuplierCountry": "Europe"}, {"Region": "Central America and the Caribbean", "Country": "The Bahamas", "Item Type": "Baby Food", "Sales Channel": "Online", "Order Priority": "C", "Order Date": "2011-01-23", "Order ID": "820468093", "Ship Date": "2023-09-06", "Units Sold": 8860.0, "Unit Price": 192.5, "Unit Cost": 171.93, "Total Revenue": 1705550.0, "Total Cost": 1523299.8, "Total Profit": 182250.2, "ItemID": "EGEORBAB0066ES", "Supplier": "Hipp-ESP", "SuplierRegion": "Europe", "SuplierCountry": "Spain"}, {"Region": "Europe", "Country": "Latvia", "Item Type": "Baby Food", "Sales Channel": "Offline", "Order Priority": "L", "Order Date": "2012-06-30", "Order ID": "492447311", "Ship Date": "2020-11-05", "Units Sold": 2356.0, "Unit Price": 288.47, "Unit Cost": 119.57, "Total Revenue": 679635.32, "Total Cost": 281706.92, "Total Profit": 397928.4, "ItemID": "AINDIBAB0006GE", "Supplier": "Hipp-DE", "SuplierRegion": "Germany", "SuplierCountry": "Europe"}, {"Region": "Australia and Oceania", "Country": "Federated States of Micronesia", "Item Type": "Personal Care", "Sales Channel": "Online", "Order Priority": "M", "Order Date": "2018-11-13", "Order ID": "940723339", "Ship Date": "2021-12-07", "Units Sold": 8641.0, "Unit Price": 96.44, "Unit Cost": 43.07, "Total Revenue": 833338.04, "Total Cost": 372167.87, "Total Profit": 461170.17, "ItemID": "ASOUTPER0011GE", "Supplier": "Health-DE", "SuplierRegion": "Germany", "SuplierCountry": "Europe"}, {"Region": "Europe", "Country": "Slovakia", "Item Type": "Baby Food", "Sales Channel": "Online", "Order Priority": "H", "Order Date": "2019-03-26", "Order ID": "172739317", "Ship Date": "2021-10-07", "Units Sold": 3813.0, "Unit Price": 230.92, "Unit Cost": 181.07, "Total Revenue": 880497.96, "Total Cost": 690419.91, "Total Profit": 190078.05, "ItemID": "EAUSTBAB0054EN", "Supplier": "Hipp-NL", "SuplierRegion": "Europe", "SuplierCountry": "Netherlands"}, {"Region": "Sub-Saharan Africa", "Country": "Cameroon", "Item Type": "Fruits", "Sales Channel": "Online", "Order Priority": "L", "Order Date": "2014-01-02", "Order ID": "124596404", "Ship Date": "2018-03-09", "Units Sold": 1003.0, "Unit Price": 284.19, "Unit Cost": 172.75, "Total Revenue": 285042.57, "Total Cost": 173268.25, "Total Profit": 111774.32, "ItemID": "AVIETFRU0027MT", "Supplier": "Penny-TUR", "SuplierRegion": "Middle East and North Africa", "SuplierCountry": "Turkey"}, {"Region": "Asia", "Country": "Taiwan", "Item Type": "Office Supplies", "Sales Channel": "Offline", "Order Priority": "C", "Order Date": "2016-08-02", "Order ID": "518040827", "Ship Date": "2023-11-21", "Units Sold": 5371.0, "Unit Price": 145.44, "Unit Cost": 150.95, "Total Revenue": 781158.24, "Total Cost": 810752.45, "Total Profit": "-29594,21", "ItemID": "ECZECOFF0061ES", "Supplier": "Staples-ESP", "SuplierRegion": "Europe", "SuplierCountry": "Spain"}, {"Region": "Sub-Saharan Africa", "Country": "Republic of the Congo", "Item Type": "Personal Care", "Sales Channel": "Online", "Order Priority": "H", "Order Date": "2022-01-29", "Order ID": "102545373", "Ship Date": "2023-03-21", "Units Sold": 9111.0, "Unit Price": 156.05, "Unit Cost": 160.47, "Total Revenue": 1421771.55, "Total Cost": 1462042.17, "Total Profit": "-40270,62", "ItemID": "ECROAPER0059EN", "Supplier": "Health-NL", "SuplierRegion": "Europe", "SuplierCountry": "Netherlands"}, {"Region": "Europe", "Country": "Denmark", "Item Type": "Baby Food", "Sales Channel": "Offline", "Order Priority": "M", "Order Date": "2010-12-26", "Order ID": "523613841", "Ship Date": "2012-09-25", "Units Sold": 6444.0, "Unit Price": 201.67, "Unit Cost": 140.29, "Total Revenue": 1299561.48, "Total Cost": 904028.76, "Total Profit": 395532.72, "ItemID": "ANEPABAB0018UE", "Supplier": "Hipp-UK", "SuplierRegion": "United Kingdom", "SuplierCountry": "Europe"}, {"Region": "Middle East and North Africa", "Country": "Lebanon", "Item Type": "Snacks", "Sales Channel": "Online", "Order Priority": "C", "Order Date": "2022-05-03", "Order ID": "760272877", "Ship Date": "2023-06-16", "Units Sold": 8627.0, "Unit Price": 169.59, "Unit Cost": 170.37, "Total Revenue": 1463052.93, "Total Cost": 1469781.99, "Total Profit": "-6729,06", "ItemID": "EGREESNA0068ES", "Supplier": "Edeka-ESP", "SuplierRegion": "Europe", "SuplierCountry": "Spain"}, {"Region": "Europe", "Country": "Montenegro", "Item Type": "Fruits", "Sales Channel": "Online", "Order Priority": "H", "Order Date": "2014-10-12", "Order ID": "544533866", "Ship Date": "2019-11-21", "Units Sold": 8946.0, "Unit Price": 8.77, "Unit Cost": 5.47, "Total Revenue": 78456.42, "Total Cost": 48934.62, "Total Profit": 29521.8, "ItemID": "ABRUNFRU0003GE", "Supplier": "Penny-DE", "SuplierRegion": "Germany", "SuplierCountry": "Europe"}, {"Region": "Central America and the Caribbean", "Country": "Belize", "Item Type": "Personal Care", "Sales Channel": "Online", "Order Priority": "M", "Order Date": "2023-08-01", "Order ID": "739975278", "Ship Date": "2023-09-15", "Units Sold": 7717.0, "Unit Price": 242.75, "Unit Cost": 151.6, "Total Revenue": 1873301.75, "Total Cost": 1169897.2, "Total Profit": 703404.55, "ItemID": "MISRAPER0035MT", "Supplier": "Health-TUR", "SuplierRegion": "Middle East and North Africa", "SuplierCountry": "Turkey"}, {"Region": "Australia and Oceania", "Country": "Tonga", "Item Type": "Baby Food", "Sales Channel": "Offline", "Order Priority": "L", "Order Date": "2012-02-28", "Order ID": "691766670", "Ship Date": "2022-11-11", "Units Sold": 7290.0, "Unit Price": 256.84, "Unit Cost": 154.97, "Total Revenue": 1872363.6, "Total Cost": 1129731.3, "Total Profit": 742632.3, "ItemID": "MPAKIBAB0042UN", "Supplier": "Hipp-US", "SuplierRegion": "United States of America", "SuplierCountry": "North America"}, {"Region": "Europe", "Country": "Slovenia", "Item Type": "Baby Food", "Sales Channel": "Online", "Order Priority": "C", "Order Date": "2019-02-02", "Order ID": "125232268", "Ship Date": "2019-06-28", "Units Sold": 7045.0, "Unit Price": 221.44, "Unit Cost": 173.45, "Total Revenue": 1560044.8, "Total Cost": 1221955.25, "Total Profit": 338089.55, "ItemID": "MAZERBAB0030MT", "Supplier": "Hipp-TUR", "SuplierRegion": "Middle East and North Africa", "SuplierCountry": "Turkey"}, {"Region": "Sub-Saharan Africa", "Country": "Guinea-Bissau", "Item Type": "Clothes", "Sales Channel": "Online", "Order Priority": "L", "Order Date": "2014-05-15", "Order ID": "973458737", "Ship Date": "2014-11-11", "Units Sold": 8392.0, "Unit Price": 244.5, "Unit Cost": 179.9, "Total Revenue": 2051844.0, "Total Cost": 1509720.8, "Total Profit": 542123.2, "ItemID": "MIRANCLO0033MT", "Supplier": "H&M-TUR", "SuplierRegion": "Middle East and North Africa", "SuplierCountry": "Turkey"}, {"Region": "Sub-Saharan Africa", "Country": "Uganda", "Item Type": "Snacks", "Sales Channel": "Offline", "Order Priority": "H", "Order Date": "2010-07-21", "Order ID": "418302520", "Ship Date": "2012-08-18", "Units Sold": 9774.0, "Unit Price": 169.59, "Unit Cost": 170.37, "Total Revenue": 1657572.66, "Total Cost": 1665196.38, "Total Profit": "-7623,72", "ItemID": "EGREESNA0068ES", "Supplier": "Edeka-ESP", "SuplierRegion": "Europe", "SuplierCountry": "Spain"}, {"Region": "Sub-Saharan Africa", "Country": "Senegal", "Item Type": "Office Supplies", "Sales Channel": "Offline", "Order Priority": "H", "Order Date": "2021-07-13", "Order ID": "304096697", "Ship Date": "2022-04-22", "Units Sold": 1664.0, "Unit Price": 266.15, "Unit Cost": 182.8, "Total Revenue": 442873.6, "Total Cost": 304179.2, "Total Profit": 138694.4, "ItemID": "MKUWAOFF0037UN", "Supplier": "Staples-US", "SuplierRegion": "United States of America", "SuplierCountry": "North America"}, {"Region": "Australia and Oceania", "Country": "Solomon Islands", "Item Type": "Cosmetics", "Sales Channel": "Offline", "Order Priority": "C", "Order Date": "2017-03-31", "Order ID": "473198446", "Ship Date": "2019-01-27", "Units Sold": 1568.0, "Unit Price": 172.09, "Unit Cost": 154.56, "Total Revenue": 269837.12, "Total Cost": 242350.08, "Total Profit": 27487.04, "ItemID": "MMOROCOS0040UN", "Supplier": "Beauty-US", "SuplierRegion": "United States of America", "SuplierCountry": "North America"}, {"Region": "North America", "Country": "Canada", "Item Type": "Vegetables", "Sales Channel": "Online", "Order Priority": "L", "Order Date": "2022-07-22", "Order ID": "391134074", "Ship Date": "2022-11-13", "Units Sold": 9022.0, "Unit Price": 212.19, "Unit Cost": 178.99, "Total Revenue": 1914378.18, "Total Cost": 1614847.78, "Total Profit": 299530.4, "ItemID": "EDENMVEG0062ES", "Supplier": "Edeka-ESP", "SuplierRegion": "Europe", "SuplierCountry": "Spain"}, {"Region": "Asia", "Country": "Vietnam", "Item Type": "Household", "Sales Channel": "Online", "Order Priority": "H", "Order Date": "2019-12-30", "Order ID": "465502206", "Ship Date": "2023-10-28", "Units Sold": 592.0, "Unit Price": 180.33, "Unit Cost": 156.74, "Total Revenue": 106755.36, "Total Cost": 92790.08, "Total Profit": 13965.28, "ItemID": "EICELHOU0070ES", "Supplier": "Wholesale-ESP", "SuplierRegion": "Europe", "SuplierCountry": "Spain"}, {"Region": "Europe", "Country": "France", "Item Type": "Meat", "Sales Channel": "Offline", "Order Priority": "L", "Order Date": "2020-10-07", "Order ID": "233388391", "Ship Date": "2021-01-31", "Units Sold": 4879.0, "Unit Price": 213.2, "Unit Cost": 158.69, "Total Revenue": 1040202.8, "Total Cost": 774248.51, "Total Profit": 265954.29, "ItemID": "ECYPRMEA0060EN", "Supplier": "Fegro-NL", "SuplierRegion": "Europe", "SuplierCountry": "Netherlands"}, {"Region": "Asia", "Country": "Laos", "Item Type": "Meat", "Sales Channel": "Online", "Order Priority": "M", "Order Date": "2018-03-01", "Order ID": "435288347", "Ship Date": "2023-11-25", "Units Sold": 7510.0, "Unit Price": 493.61, "Unit Cost": 328.22, "Total Revenue": 3707011.1, "Total Cost": 2464932.2, "Total Profit": 1242078.9, "ItemID": "AKYRGMEA0012GE", "Supplier": "Fegro-DE", "SuplierRegion": "Germany", "SuplierCountry": "Europe"}, {"Region": "Asia", "Country": "Sri Lanka", "Item Type": "Vegetables", "Sales Channel": "Offline", "Order Priority": "L", "Order Date": "2022-05-28", "Order ID": "805794952", "Ship Date": "2023-10-31", "Units Sold": 6149.0, "Unit Price": 135.57, "Unit Cost": 85.47, "Total Revenue": 833619.93, "Total Cost": 525555.03, "Total Profit": 308064.9, "ItemID": "ABHUTVEG0002GE", "Supplier": "Edeka-DE", "SuplierRegion": "Germany", "SuplierCountry": "Europe"}, {"Region": "Sub-Saharan Africa", "Country": "Burkina Faso", "Item Type": "Office Supplies", "Sales Channel": "Offline", "Order Priority": "H", "Order Date": "2011-12-18", "Order ID": "236740681", "Ship Date": "2023-02-20", "Units Sold": 5486.0, "Unit Price": 258.33, "Unit Cost": 147.67, "Total Revenue": 1417198.38, "Total Cost": 810117.62, "Total Profit": 607080.76, "ItemID": "ATURKOFF0025MT", "Supplier": "Staples-TUR", "SuplierRegion": "Middle East and North Africa", "SuplierCountry": "Turkey"}, {"Region": "Sub-Saharan Africa", "Country": "Sierra Leone", "Item Type": "Personal Care", "Sales Channel": "Online", "Order Priority": "L", "Order Date": "2017-08-26", "Order ID": "176196516", "Ship Date": "2020-09-17", "Units Sold": 2246.0, "Unit Price": 71.11, "Unit Cost": 52.14, "Total Revenue": 159713.06, "Total Cost": 117106.44, "Total Profit": 42606.62, "ItemID": "ATAJIPER0023UE", "Supplier": "Health-UK", "SuplierRegion": "United Kingdom", "SuplierCountry": "Europe"}, {"Region": "Middle East and North Africa", "Country": "Algeria", "Item Type": "Meat", "Sales Channel": "Online", "Order Priority": "H", "Order Date": "2021-06-23", "Order ID": "263396315", "Ship Date": "2021-09-13", "Units Sold": 183.0, "Unit Price": 220.55, "Unit Cost": 176.55, "Total Revenue": 40360.65, "Total Cost": 32308.65, "Total Profit": 8052.0, "ItemID": "EITALMEA0072ES", "Supplier": "Fegro-ESP", "SuplierRegion": "Europe", "SuplierCountry": "Spain"}, {"Region": "Sub-Saharan Africa", "Country": "Zimbabwe", "Item Type": "Snacks", "Sales Channel": "Offline", "Order Priority": "L", "Order Date": "2010-07-03", "Order ID": "613279032", "Ship Date": "2017-05-31", "Units Sold": 5084.0, "Unit Price": 143.8, "Unit Cost": 169.71, "Total Revenue": 731079.2, "Total Cost": 862805.64, "Total Profit": "-131726,44", "ItemID": "EBELGSNA0056EN", "Supplier": "Edeka-NL", "SuplierRegion": "Europe", "SuplierCountry": "Netherlands"}, {"Region": "Australia and Oceania", "Country": "Australia", "Item Type": "Office Supplies", "Sales Channel": "Offline", "Order Priority": "M", "Order Date": "2017-11-23", "Order ID": "253968738", "Ship Date": "2019-02-28", "Units Sold": 9766.0, "Unit Price": 145.44, "Unit Cost": 150.95, "Total Revenue": 1420367.04, "Total Cost": 1474177.7, "Total Profit": "-53810,66", "ItemID": "ECZECOFF0061ES", "Supplier": "Staples-ESP", "SuplierRegion": "Europe", "SuplierCountry": "Spain"}, {"Region": "Sub-Saharan Africa", "Country": "Mauritius ", "Item Type": "Baby Food", "Sales Channel": "Online", "Order Priority": "L", "Order Date": "2010-08-28", "Order ID": "853990678", "Ship Date": "2016-09-20", "Units Sold": 9078.0, "Unit Price": 230.92, "Unit Cost": 181.07, "Total Revenue": 2096291.76, "Total Cost": 1643753.46, "Total Profit": 452538.3, "ItemID": "EAUSTBAB0054EN", "Supplier": "Hipp-NL", "SuplierRegion": "Europe", "SuplierCountry": "Netherlands"}, {"Region": "Central America and the Caribbean", "Country": "Trinidad and Tobago", "Item Type": "Vegetables", "Sales Channel": "Offline", "Order Priority": "M", "Order Date": "2015-02-11", "Order ID": "452735890", "Ship Date": "2021-02-17", "Units Sold": 4899.0, "Unit Price": 212.19, "Unit Cost": 178.99, "Total Revenue": 1039518.81, "Total Cost": 876872.01, "Total Profit": 162646.8, "ItemID": "EDENMVEG0062ES", "Supplier": "Edeka-ESP", "SuplierRegion": "Europe", "SuplierCountry": "Spain"}, {"Region": "Europe", "Country": "Greece", "Item Type": "Office Supplies", "Sales Channel": "Online", "Order Priority": "C", "Order Date": "2016-03-13", "Order ID": "334015236", "Ship Date": "2023-02-08", "Units Sold": 1142.0, "Unit Price": 145.44, "Unit Cost": 150.95, "Total Revenue": 166092.48, "Total Cost": 172384.9, "Total Profit": "-6292,42", "ItemID": "ECZECOFF0061ES", "Supplier": "Staples-ESP", "SuplierRegion": "Europe", "SuplierCountry": "Spain"}, {"Region": "Europe", "Country": "Andorra", "Item Type": "Baby Food", "Sales Channel": "Online", "Order Priority": "M", "Order Date": "2019-06-15", "Order ID": "876820309", "Ship Date": "2020-06-24", "Units Sold": 8747.0, "Unit Price": 201.67, "Unit Cost": 140.29, "Total Revenue": 1764007.49, "Total Cost": 1227116.63, "Total Profit": 536890.86, "ItemID": "ANEPABAB0018UE", "Supplier": "Hipp-UK", "SuplierRegion": "United Kingdom", "SuplierCountry": "Europe"}, {"Region": "Central America and the Caribbean", "Country": "Guatemala", "Item Type": "Baby Food", "Sales Channel": "Offline", "Order Priority": "C", "Order Date": "2013-03-22", "Order ID": "355923255", "Ship Date": "2016-09-22", "Units Sold": 688.0, "Unit Price": 192.5, "Unit Cost": 171.93, "Total Revenue": 132440.0, "Total Cost": 118287.84, "Total Profit": 14152.16, "ItemID": "EGEORBAB0066ES", "Supplier": "Hipp-ESP", "SuplierRegion": "Europe", "SuplierCountry": "Spain"}, {"Region": "Australia and Oceania", "Country": "Papua New Guinea", "Item Type": "Office Supplies", "Sales Channel": "Offline", "Order Priority": "H", "Order Date": "2023-08-22", "Order ID": "521987168", "Ship Date": "2023-11-28", "Units Sold": 6972.0, "Unit Price": 266.15, "Unit Cost": 182.8, "Total Revenue": 1855597.8, "Total Cost": 1274481.6, "Total Profit": 581116.2, "ItemID": "MKUWAOFF0037UN", "Supplier": "Staples-US", "SuplierRegion": "United States of America", "SuplierCountry": "North America"}, {"Region": "Sub-Saharan Africa", "Country": "Senegal", "Item Type": "Fruits", "Sales Channel": "Online", "Order Priority": "H", "Order Date": "2022-05-17", "Order ID": "495067584", "Ship Date": "2022-09-14", "Units Sold": 9633.0, "Unit Price": 8.77, "Unit Cost": 5.47, "Total Revenue": 84481.41, "Total Cost": 52692.51, "Total Profit": 31788.9, "ItemID": "ABRUNFRU0003GE", "Supplier": "Penny-DE", "SuplierRegion": "Germany", "SuplierCountry": "Europe"}, {"Region": "Middle East and North Africa", "Country": "Algeria", "Item Type": "Office Supplies", "Sales Channel": "Offline", "Order Priority": "M", "Order Date": "2014-10-11", "Order ID": "220508924", "Ship Date": "2019-11-29", "Units Sold": 7739.0, "Unit Price": 258.33, "Unit Cost": 147.67, "Total Revenue": 1999215.87, "Total Cost": 1142818.13, "Total Profit": 856397.74, "ItemID": "ATURKOFF0025MT", "Supplier": "Staples-TUR", "SuplierRegion": "Middle East and North Africa", "SuplierCountry": "Turkey"}, {"Region": "Central America and the Caribbean", "Country": "Saint Vincent and the Grenadines", "Item Type": "Baby Food", "Sales Channel": "Offline", "Order Priority": "M", "Order Date": "2023-07-07", "Order ID": "972327033", "Ship Date": "2023-10-12", "Units Sold": 2389.0, "Unit Price": 256.84, "Unit Cost": 154.97, "Total Revenue": 613590.76, "Total Cost": 370223.33, "Total Profit": 243367.43, "ItemID": "MPAKIBAB0042UN", "Supplier": "Hipp-US", "SuplierRegion": "United States of America", "SuplierCountry": "North America"}, {"Region": "Europe", "Country": "Switzerland", "Item Type": "Baby Food", "Sales Channel": "Offline", "Order Priority": "H", "Order Date": "2013-02-17", "Order ID": "760439845", "Ship Date": "2018-07-23", "Units Sold": 1713.0, "Unit Price": 230.92, "Unit Cost": 181.07, "Total Revenue": 395565.96, "Total Cost": 310172.91, "Total Profit": 85393.05, "ItemID": "EAUSTBAB0054EN", "Supplier": "Hipp-NL", "SuplierRegion": "Europe", "SuplierCountry": "Netherlands"}, {"Region": "Sub-Saharan Africa", "Country": "Liberia", "Item Type": "Household", "Sales Channel": "Offline", "Order Priority": "L", "Order Date": "2022-04-14", "Order ID": "796251588", "Ship Date": "2022-07-04", "Units Sold": 5871.0, "Unit Price": 641.54, "Unit Cost": 472.39, "Total Revenue": 3766481.34, "Total Cost": 2773401.69, "Total Profit": 993079.65, "ItemID": "ANORTHOU0010GE", "Supplier": "Wholesale-DE", "SuplierRegion": "Germany", "SuplierCountry": "Europe"}, {"Region": "Australia and Oceania", "Country": "New Zealand", "Item Type": "Baby Food", "Sales Channel": "Online", "Order Priority": "M", "Order Date": "2017-10-20", "Order ID": "210863539", "Ship Date": "2021-05-16", "Units Sold": 2056.0, "Unit Price": 192.5, "Unit Cost": 171.93, "Total Revenue": 395780.0, "Total Cost": 353488.08, "Total Profit": 42291.92, "ItemID": "EGEORBAB0066ES", "Supplier": "Hipp-ESP", "SuplierRegion": "Europe", "SuplierCountry": "Spain"}, {"Region": "Europe", "Country": "Estonia", "Item Type": "Cosmetics", "Sales Channel": "Offline", "Order Priority": "H", "Order Date": "2010-03-22", "Order ID": "646794909", "Ship Date": "2019-12-02", "Units Sold": 9492.0, "Unit Price": 172.09, "Unit Cost": 154.56, "Total Revenue": 1633478.28, "Total Cost": 1467083.52, "Total Profit": 166394.76, "ItemID": "MMOROCOS0040UN", "Supplier": "Beauty-US", "SuplierRegion": "United States of America", "SuplierCountry": "North America"}, {"Region": "Sub-Saharan Africa", "Country": "Burkina Faso", "Item Type": "Office Supplies", "Sales Channel": "Online", "Order Priority": "C", "Order Date": "2013-11-29", "Order ID": "844685966", "Ship Date": "2021-01-22", "Units Sold": 4434.0, "Unit Price": 258.33, "Unit Cost": 147.67, "Total Revenue": 1145435.22, "Total Cost": 654768.78, "Total Profit": 490666.44, "ItemID": "ATURKOFF0025MT", "Supplier": "Staples-TUR", "SuplierRegion": "Middle East and North Africa", "SuplierCountry": "Turkey"}, {"Region": "Central America and the Caribbean", "Country": "Dominica", "Item Type": "Beverages", "Sales Channel": "Online", "Order Priority": "C", "Order Date": "2012-12-30", "Order ID": "758200311", "Ship Date": "2014-08-13", "Units Sold": 5168.0, "Unit Price": 152.9, "Unit Cost": 168.15, "Total Revenue": 790187.2, "Total Cost": 868999.2, "Total Profit": "-78812,00", "ItemID": "EGERMBEV0067ES", "Supplier": "WIFA-ESP", "SuplierRegion": "Europe", "SuplierCountry": "Spain"}, {"Region": "Asia", "Country": "Myanmar", "Item Type": "Baby Food", "Sales Channel": "Offline", "Order Priority": "M", "Order Date": "2021-09-09", "Order ID": "272814074", "Ship Date": "2023-01-28", "Units Sold": 7011.0, "Unit Price": 230.92, "Unit Cost": 181.07, "Total Revenue": 1618980.12, "Total Cost": 1269481.77, "Total Profit": 349498.35, "ItemID": "EAUSTBAB0054EN", "Supplier": "Hipp-NL", "SuplierRegion": "Europe", "SuplierCountry": "Netherlands"}, {"Region": "Asia", "Country": "Myanmar", "Item Type": "Beverages", "Sales Channel": "Online", "Order Priority": "C", "Order Date": "2020-08-26", "Order ID": "864091308", "Ship Date": "2022-05-25", "Units Sold": 7311.0, "Unit Price": 217.53, "Unit Cost": 149.36, "Total Revenue": 1590361.83, "Total Cost": 1091970.96, "Total Profit": 498390.87, "ItemID": "MQATABEV0043UN", "Supplier": "WIFA-US", "SuplierRegion": "United States of America", "SuplierCountry": "North America"}, {"Region": "Sub-Saharan Africa", "Country": "South Sudan", "Item Type": "Beverages", "Sales Channel": "Online", "Order Priority": "C", "Order Date": "2010-11-05", "Order ID": "835191935", "Ship Date": "2015-03-27", "Units Sold": 449.0, "Unit Price": 49.82, "Unit Cost": 24.16, "Total Revenue": 22369.18, "Total Cost": 10847.84, "Total Profit": 11521.34, "ItemID": "AINDOBEV0007GE", "Supplier": "WIFA-DE", "SuplierRegion": "Germany", "SuplierCountry": "Europe"}, {"Region": "Central America and the Caribbean", "Country": "Saint Lucia", "Item Type": "Meat", "Sales Channel": "Online", "Order Priority": "C", "Order Date": "2014-08-05", "Order ID": "995318625", "Ship Date": "2022-07-19", "Units Sold": 2837.0, "Unit Price": 493.61, "Unit Cost": 328.22, "Total Revenue": 1400371.57, "Total Cost": 931160.14, "Total Profit": 469211.43, "ItemID": "AKYRGMEA0012GE", "Supplier": "Fegro-DE", "SuplierRegion": "Germany", "SuplierCountry": "Europe"}, {"Region": "Australia and Oceania", "Country": "Palau", "Item Type": "Snacks", "Sales Channel": "Online", "Order Priority": "C", "Order Date": "2022-06-07", "Order ID": "169767183", "Ship Date": "2022-09-13", "Units Sold": 7915.0, "Unit Price": 256.5, "Unit Cost": 145.67, "Total Revenue": 2030197.5, "Total Cost": 1152978.05, "Total Profit": 877219.45, "ItemID": "MSAUDSNA0044UN", "Supplier": "Edeka-US", "SuplierRegion": "United States of America", "SuplierCountry": "North America"}, {"Region": "Europe", "Country": "Bosnia and Herzegovina", "Item Type": "Meat", "Sales Channel": "Online", "Order Priority": "H", "Order Date": "2022-04-06", "Order ID": "327002234", "Ship Date": "2023-01-23", "Units Sold": 1158.0, "Unit Price": 238.37, "Unit Cost": 171.02, "Total Revenue": 276032.46, "Total Cost": 198041.16, "Total Profit": 77991.3, "ItemID": "MJORDMEA0036MT", "Supplier": "Fegro-TUR", "SuplierRegion": "Middle East and North Africa", "SuplierCountry": "Turkey"}, {"Region": "Europe", "Country": "Vatican City", "Item Type": "Beverages", "Sales Channel": "Offline", "Order Priority": "L", "Order Date": "2019-11-07", "Order ID": "538119610", "Ship Date": "2023-03-02", "Units Sold": 5071.0, "Unit Price": 224.71, "Unit Cost": 165.54, "Total Revenue": 1139504.41, "Total Cost": 839453.34, "Total Profit": 300051.07, "ItemID": "EBELABEV0055EN", "Supplier": "WIFA-NL", "SuplierRegion": "Europe", "SuplierCountry": "Netherlands"}, {"Region": "Europe", "Country": "Hungary", "Item Type": "Meat", "Sales Channel": "Offline", "Order Priority": "H", "Order Date": "2011-09-16", "Order ID": "481920178", "Ship Date": "2017-01-06", "Units Sold": 4189.0, "Unit Price": 232.52, "Unit Cost": 156.21, "Total Revenue": 974026.28, "Total Cost": 654363.69, "Total Profit": 319662.59, "ItemID": "MTURKMEA0048UN", "Supplier": "Fegro-US", "SuplierRegion": "United States of America", "SuplierCountry": "North America"}, {"Region": "Australia and Oceania", "Country": "Solomon Islands", "Item Type": "Snacks", "Sales Channel": "Offline", "Order Priority": "L", "Order Date": "2011-02-26", "Order ID": "568282940", "Ship Date": "2016-09-18", "Units Sold": 81.0, "Unit Price": 183.1, "Unit Cost": 91.59, "Total Revenue": 14831.1, "Total Cost": 7418.79, "Total Profit": 7412.31, "ItemID": "ASINGSNA0020UE", "Supplier": "Edeka-UK", "SuplierRegion": "United Kingdom", "SuplierCountry": "Europe"}, {"Region": "Europe", "Country": "Kosovo", "Item Type": "Vegetables", "Sales Channel": "Offline", "Order Priority": "M", "Order Date": "2011-08-10", "Order ID": "727916020", "Ship Date": "2011-09-05", "Units Sold": 6345.0, "Unit Price": 135.57, "Unit Cost": 85.47, "Total Revenue": 860191.65, "Total Cost": 542307.15, "Total Profit": 317884.5, "ItemID": "ABHUTVEG0002GE", "Supplier": "Edeka-DE", "SuplierRegion": "Germany", "SuplierCountry": "Europe"}, {"Region": "Asia", "Country": "Cambodia", "Item Type": "Household", "Sales Channel": "Online", "Order Priority": "L", "Order Date": "2019-11-29", "Order ID": "621444076", "Ship Date": "2023-06-14", "Units Sold": 3610.0, "Unit Price": 641.54, "Unit Cost": 472.39, "Total Revenue": 2315959.4, "Total Cost": 1705327.9, "Total Profit": 610631.5, "ItemID": "ANORTHOU0010GE", "Supplier": "Wholesale-DE", "SuplierRegion": "Germany", "SuplierCountry": "Europe"}, {"Region": "Middle East and North Africa", "Country": "Egypt", "Item Type": "Office Supplies", "Sales Channel": "Offline", "Order Priority": "L", "Order Date": "2011-03-01", "Order ID": "396259135", "Ship Date": "2011-07-06", "Units Sold": 4539.0, "Unit Price": 696.79, "Unit Cost": 493.46, "Total Revenue": 3162729.81, "Total Cost": 2239814.94, "Total Profit": 922914.87, "ItemID": "ALAOSOFF0013UE", "Supplier": "Staples-UK", "SuplierRegion": "United Kingdom", "SuplierCountry": "Europe"}, {"Region": "Central America and the Caribbean", "Country": "Antigua and Barbuda ", "Item Type": "Cosmetics", "Sales Channel": "Online", "Order Priority": "L", "Order Date": "2016-10-12", "Order ID": "723464769", "Ship Date": "2021-11-09", "Units Sold": 8822.0, "Unit Price": 172.09, "Unit Cost": 154.56, "Total Revenue": 1518177.98, "Total Cost": 1363528.32, "Total Profit": 154649.66, "ItemID": "MMOROCOS0040UN", "Supplier": "Beauty-US", "SuplierRegion": "United States of America", "SuplierCountry": "North America"}, {"Region": "Sub-Saharan Africa", "Country": "Gabon", "Item Type": "Household", "Sales Channel": "Online", "Order Priority": "L", "Order Date": "2014-01-03", "Order ID": "170667504", "Ship Date": "2017-02-16", "Units Sold": 8185.0, "Unit Price": 180.33, "Unit Cost": 156.74, "Total Revenue": 1476001.05, "Total Cost": 1282916.9, "Total Profit": 193084.15, "ItemID": "EICELHOU0070ES", "Supplier": "Wholesale-ESP", "SuplierRegion": "Europe", "SuplierCountry": "Spain"}, {"Region": "Sub-Saharan Africa", "Country": "Ghana", "Item Type": "Meat", "Sales Channel": "Online", "Order Priority": "M", "Order Date": "2012-07-07", "Order ID": "536168467", "Ship Date": "2015-03-13", "Units Sold": 1381.0, "Unit Price": 220.55, "Unit Cost": 176.55, "Total Revenue": 304579.55, "Total Cost": 243815.55, "Total Profit": 60764.0, "ItemID": "EITALMEA0072ES", "Supplier": "Fegro-ESP", "SuplierRegion": "Europe", "SuplierCountry": "Spain"}, {"Region": "Europe", "Country": "Norway", "Item Type": "Meat", "Sales Channel": "Offline", "Order Priority": "M", "Order Date": "2016-08-01", "Order ID": "347797410", "Ship Date": "2021-04-10", "Units Sold": 9197.0, "Unit Price": 238.37, "Unit Cost": 171.02, "Total Revenue": 2192288.89, "Total Cost": 1572870.94, "Total Profit": 619417.95, "ItemID": "MJORDMEA0036MT", "Supplier": "Fegro-TUR", "SuplierRegion": "Middle East and North Africa", "SuplierCountry": "Turkey"}, {"Region": "Asia", "Country": "Maldives", "Item Type": "Fruits", "Sales Channel": "Online", "Order Priority": "H", "Order Date": "2015-09-10", "Order ID": "862712121", "Ship Date": "2023-01-10", "Units Sold": 9450.0, "Unit Price": 7.65, "Unit Cost": 6.37, "Total Revenue": 72292.5, "Total Cost": 60196.5, "Total Profit": 12096.0, "ItemID": "AMALDFRU0015UE", "Supplier": "Penny-UK", "SuplierRegion": "United Kingdom", "SuplierCountry": "Europe"}, {"Region": "Sub-Saharan Africa", "Country": "Malawi", "Item Type": "Clothes", "Sales Channel": "Offline", "Order Priority": "M", "Order Date": "2015-02-03", "Order ID": "988934652", "Ship Date": "2022-03-18", "Units Sold": 1990.0, "Unit Price": 98.35, "Unit Cost": 30.46, "Total Revenue": 195716.5, "Total Cost": 60615.4, "Total Profit": 135101.1, "ItemID": "AKAZACLO0009GE", "Supplier": "H&M-DE", "SuplierRegion": "Germany", "SuplierCountry": "Europe"}, {"Region": "Middle East and North Africa", "Country": "Egypt", "Item Type": "Clothes", "Sales Channel": "Offline", "Order Priority": "C", "Order Date": "2015-10-27", "Order ID": "407355749", "Ship Date": "2017-03-27", "Units Sold": 3695.0, "Unit Price": 98.35, "Unit Cost": 30.46, "Total Revenue": 363403.25, "Total Cost": 112549.7, "Total Profit": 250853.55, "ItemID": "AKAZACLO0009GE", "Supplier": "H&M-DE", "SuplierRegion": "Germany", "SuplierCountry": "Europe"}, {"Region": "Central America and the Caribbean", "Country": "Honduras", "Item Type": "Baby Food", "Sales Channel": "Offline", "Order Priority": "L", "Order Date": "2017-04-23", "Order ID": "295276709", "Ship Date": "2023-08-28", "Units Sold": 3477.0, "Unit Price": 221.44, "Unit Cost": 173.45, "Total Revenue": 769946.88, "Total Cost": 603085.65, "Total Profit": 166861.23, "ItemID": "MAZERBAB0030MT", "Supplier": "Hipp-TUR", "SuplierRegion": "Middle East and North Africa", "SuplierCountry": "Turkey"}, {"Region": "Australia and Oceania", "Country": "Papua New Guinea", "Item Type": "Office Supplies", "Sales Channel": "Offline", "Order Priority": "L", "Order Date": "2019-06-30", "Order ID": "290170566", "Ship Date": "2022-02-05", "Units Sold": 7278.0, "Unit Price": 664.23, "Unit Cost": 585.79, "Total Revenue": 4834265.94, "Total Cost": 4263379.62, "Total Profit": 570886.32, "ItemID": "ABANGOFF0001GE", "Supplier": "Staples-DE", "SuplierRegion": "Germany", "SuplierCountry": "Europe"}, {"Region": "Australia and Oceania", "Country": "Marshall Islands", "Item Type": "Baby Food", "Sales Channel": "Offline", "Order Priority": "M", "Order Date": "2019-03-08", "Order ID": "335438197", "Ship Date": "2021-11-27", "Units Sold": 3073.0, "Unit Price": 201.67, "Unit Cost": 140.29, "Total Revenue": 619731.91, "Total Cost": 431111.17, "Total Profit": 188620.74, "ItemID": "ANEPABAB0018UE", "Supplier": "Hipp-UK", "SuplierRegion": "United Kingdom", "SuplierCountry": "Europe"}, {"Region": "Central America and the Caribbean", "Country": "Saint Lucia", "Item Type": "Personal Care", "Sales Channel": "Offline", "Order Priority": "L", "Order Date": "2022-04-29", "Order ID": "798900540", "Ship Date": "2023-03-27", "Units Sold": 5865.0, "Unit Price": 71.11, "Unit Cost": 52.14, "Total Revenue": 417060.15, "Total Cost": 305801.1, "Total Profit": 111259.05, "ItemID": "ATAJIPER0023UE", "Supplier": "Health-UK", "SuplierRegion": "United Kingdom", "SuplierCountry": "Europe"}, {"Region": "Asia", "Country": "Maldives", "Item Type": "Fruits", "Sales Channel": "Online", "Order Priority": "L", "Order Date": "2018-03-15", "Order ID": "941467882", "Ship Date": "2023-02-23", "Units Sold": 2691.0, "Unit Price": 183.5, "Unit Cost": 160.75, "Total Revenue": 493798.5, "Total Cost": 432578.25, "Total Profit": 61220.25, "ItemID": "EALBAFRU0051EN", "Supplier": "Penny-NL", "SuplierRegion": "Europe", "SuplierCountry": "Netherlands"}, {"Region": "Central America and the Caribbean", "Country": "Nicaragua", "Item Type": "Beverages", "Sales Channel": "Offline", "Order Priority": "M", "Order Date": "2012-01-22", "Order ID": "699317680", "Ship Date": "2014-08-26", "Units Sold": 7618.0, "Unit Price": 224.71, "Unit Cost": 165.54, "Total Revenue": 1711840.78, "Total Cost": 1261083.72, "Total Profit": 450757.06, "ItemID": "EBELABEV0055EN", "Supplier": "WIFA-NL", "SuplierRegion": "Europe", "SuplierCountry": "Netherlands"}, {"Region": "Central America and the Caribbean", "Country": "Costa Rica", "Item Type": "Household", "Sales Channel": "Offline", "Order Priority": "L", "Order Date": "2021-12-28", "Order ID": "684458965", "Ship Date": "2023-01-22", "Units Sold": 6746.0, "Unit Price": 641.54, "Unit Cost": 472.39, "Total Revenue": 4327828.84, "Total Cost": 3186742.94, "Total Profit": 1141085.9, "ItemID": "ANORTHOU0010GE", "Supplier": "Wholesale-DE", "SuplierRegion": "Germany", "SuplierCountry": "Europe"}, {"Region": "Central America and the Caribbean", "Country": "Dominican Republic", "Item Type": "Personal Care", "Sales Channel": "Offline", "Order Priority": "L", "Order Date": "2012-03-22", "Order ID": "509828371", "Ship Date": "2017-04-12", "Units Sold": 3203.0, "Unit Price": 71.11, "Unit Cost": 52.14, "Total Revenue": 227765.33, "Total Cost": 167004.42, "Total Profit": 60760.91, "ItemID": "ATAJIPER0023UE", "Supplier": "Health-UK", "SuplierRegion": "United Kingdom", "SuplierCountry": "Europe"}, {"Region": "Middle East and North Africa", "Country": "Saudi Arabia", "Item Type": "Household", "Sales Channel": "Offline", "Order Priority": "H", "Order Date": "2015-05-14", "Order ID": "737863279", "Ship Date": "2019-04-04", "Units Sold": 2152.0, "Unit Price": 641.54, "Unit Cost": 472.39, "Total Revenue": 1380594.08, "Total Cost": 1016583.28, "Total Profit": 364010.8, "ItemID": "ANORTHOU0010GE", "Supplier": "Wholesale-DE", "SuplierRegion": "Germany", "SuplierCountry": "Europe"}, {"Region": "Europe", "Country": "Portugal", "Item Type": "Cereal", "Sales Channel": "Online", "Order Priority": "H", "Order Date": "2012-12-25", "Order ID": "432375279", "Ship Date": "2019-04-14", "Units Sold": 5783.0, "Unit Price": 158.39, "Unit Cost": 106.57, "Total Revenue": 915969.37, "Total Cost": 616294.31, "Total Profit": 299675.06, "ItemID": "AMYANCER0017UE", "Supplier": "Rewe-UK", "SuplierRegion": "United Kingdom", "SuplierCountry": "Europe"}, {"Region": "Asia", "Country": "Sri Lanka", "Item Type": "Cereal", "Sales Channel": "Offline", "Order Priority": "C", "Order Date": "2013-07-12", "Order ID": "379726539", "Ship Date": "2018-10-26", "Units Sold": 8322.0, "Unit Price": 201.57, "Unit Cost": 158.63, "Total Revenue": 1677465.54, "Total Cost": 1320118.86, "Total Profit": 357346.68, "ItemID": "MOMANCER0041UN", "Supplier": "Rewe-US", "SuplierRegion": "United States of America", "SuplierCountry": "North America"}, {"Region": "Europe", "Country": "Macedonia", "Item Type": "Clothes", "Sales Channel": "Online", "Order Priority": "M", "Order Date": "2012-02-10", "Order ID": "387102422", "Ship Date": "2013-02-11", "Units Sold": 1023.0, "Unit Price": 192.47, "Unit Cost": 176.61, "Total Revenue": 196896.81, "Total Cost": 180672.03, "Total Profit": 16224.78, "ItemID": "EHUNGCLO0069ES", "Supplier": "H&M-ESP", "SuplierRegion": "Europe", "SuplierCountry": "Spain"}, {"Region": "Europe", "Country": "Sweden", "Item Type": "Office Supplies", "Sales Channel": "Online", "Order Priority": "L", "Order Date": "2010-08-11", "Order ID": "682621039", "Ship Date": "2023-04-17", "Units Sold": 7171.0, "Unit Price": 266.15, "Unit Cost": 182.8, "Total Revenue": 1908561.65, "Total Cost": 1310858.8, "Total Profit": 597702.85, "ItemID": "MKUWAOFF0037UN", "Supplier": "Staples-US", "SuplierRegion": "United States of America", "SuplierCountry": "North America"}, {"Region": "Sub-Saharan Africa", "Country": "Sudan", "Item Type": "Fruits", "Sales Channel": "Online", "Order Priority": "M", "Order Date": "2011-12-13", "Order ID": "568219846", "Ship Date": "2018-06-21", "Units Sold": 7085.0, "Unit Price": 7.65, "Unit Cost": 6.37, "Total Revenue": 54200.25, "Total Cost": 45131.45, "Total Profit": 9068.8, "ItemID": "AMALDFRU0015UE", "Supplier": "Penny-UK", "SuplierRegion": "United Kingdom", "SuplierCountry": "Europe"}, {"Region": "Australia and Oceania", "Country": "New Zealand", "Item Type": "Personal Care", "Sales Channel": "Offline", "Order Priority": "L", "Order Date": "2017-07-29", "Order ID": "807201846", "Ship Date": "2021-09-03", "Units Sold": 3113.0, "Unit Price": 71.11, "Unit Cost": 52.14, "Total Revenue": 221365.43, "Total Cost": 162311.82, "Total Profit": 59053.61, "ItemID": "ATAJIPER0023UE", "Supplier": "Health-UK", "SuplierRegion": "United Kingdom", "SuplierCountry": "Europe"}, {"Region": "Europe", "Country": "Vatican City", "Item Type": "Household", "Sales Channel": "Offline", "Order Priority": "L", "Order Date": "2016-05-24", "Order ID": "646214823", "Ship Date": "2022-09-22", "Units Sold": 4635.0, "Unit Price": 180.33, "Unit Cost": 156.74, "Total Revenue": 835829.55, "Total Cost": 726489.9, "Total Profit": 109339.65, "ItemID": "EICELHOU0070ES", "Supplier": "Wholesale-ESP", "SuplierRegion": "Europe", "SuplierCountry": "Spain"}, {"Region": "Europe", "Country": "Andorra", "Item Type": "Beverages", "Sales Channel": "Online", "Order Priority": "L", "Order Date": "2013-06-21", "Order ID": "710066707", "Ship Date": "2022-02-23", "Units Sold": 3063.0, "Unit Price": 217.53, "Unit Cost": 149.36, "Total Revenue": 666294.39, "Total Cost": 457489.68, "Total Profit": 208804.71, "ItemID": "MQATABEV0043UN", "Supplier": "WIFA-US", "SuplierRegion": "United States of America", "SuplierCountry": "North America"}, {"Region": "Europe", "Country": "Austria", "Item Type": "Household", "Sales Channel": "Offline", "Order Priority": "C", "Order Date": "2014-09-25", "Order ID": "115282951", "Ship Date": "2019-07-30", "Units Sold": 6837.0, "Unit Price": 254.23, "Unit Cost": 147.57, "Total Revenue": 1738170.51, "Total Cost": 1008936.09, "Total Profit": 729234.42, "ItemID": "MIRAQHOU0034MT", "Supplier": "Wholesale-TUR", "SuplierRegion": "Middle East and North Africa", "SuplierCountry": "Turkey"}, {"Region": "Europe", "Country": "United Kingdom", "Item Type": "Office Supplies", "Sales Channel": "Online", "Order Priority": "M", "Order Date": "2023-07-06", "Order ID": "250127228", "Ship Date": "2023-10-08", "Units Sold": 6433.0, "Unit Price": 696.79, "Unit Cost": 493.46, "Total Revenue": 4482450.07, "Total Cost": 3174428.18, "Total Profit": 1308021.89, "ItemID": "ALAOSOFF0013UE", "Supplier": "Staples-UK", "SuplierRegion": "United Kingdom", "SuplierCountry": "Europe"}, {"Region": "Europe", "Country": "Denmark", "Item Type": "Meat", "Sales Channel": "Offline", "Order Priority": "L", "Order Date": "2019-08-05", "Order ID": "178587441", "Ship Date": "2020-08-12", "Units Sold": 9354.0, "Unit Price": 493.61, "Unit Cost": 328.22, "Total Revenue": 4617227.94, "Total Cost": 3070169.88, "Total Profit": 1547058.06, "ItemID": "AKYRGMEA0012GE", "Supplier": "Fegro-DE", "SuplierRegion": "Germany", "SuplierCountry": "Europe"}, {"Region": "Australia and Oceania", "Country": "Samoa ", "Item Type": "Office Supplies", "Sales Channel": "Offline", "Order Priority": "M", "Order Date": "2020-03-23", "Order ID": "148933167", "Ship Date": "2020-05-07", "Units Sold": 5138.0, "Unit Price": 696.79, "Unit Cost": 493.46, "Total Revenue": 3580107.02, "Total Cost": 2535397.48, "Total Profit": 1044709.54, "ItemID": "ALAOSOFF0013UE", "Supplier": "Staples-UK", "SuplierRegion": "United Kingdom", "SuplierCountry": "Europe"}, {"Region": "Asia", "Country": "Myanmar", "Item Type": "Clothes", "Sales Channel": "Online", "Order Priority": "C", "Order Date": "2010-09-15", "Order ID": "575288559", "Ship Date": "2017-09-20", "Units Sold": 351.0, "Unit Price": 229.59, "Unit Cost": 187.71, "Total Revenue": 80586.09, "Total Cost": 65886.21, "Total Profit": 14699.88, "ItemID": "EBOSNCLO0057EN", "Supplier": "H&M-NL", "SuplierRegion": "Europe", "SuplierCountry": "Netherlands"}, {"Region": "Middle East and North Africa", "Country": "Lebanon", "Item Type": "Beverages", "Sales Channel": "Online", "Order Priority": "H", "Order Date": "2014-08-31", "Order ID": "448026458", "Ship Date": "2017-07-03", "Units Sold": 3592.0, "Unit Price": 152.9, "Unit Cost": 168.15, "Total Revenue": 549216.8, "Total Cost": 603994.8, "Total Profit": "-54778,00", "ItemID": "EGERMBEV0067ES", "Supplier": "WIFA-ESP", "SuplierRegion": "Europe", "SuplierCountry": "Spain"}, {"Region": "Middle East and North Africa", "Country": "Saudi Arabia", "Item Type": "Personal Care", "Sales Channel": "Offline", "Order Priority": "H", "Order Date": "2010-04-01", "Order ID": "667660680", "Ship Date": "2021-02-14", "Units Sold": 491.0, "Unit Price": 71.11, "Unit Cost": 52.14, "Total Revenue": 34915.01, "Total Cost": 25600.74, "Total Profit": 9314.27, "ItemID": "ATAJIPER0023UE", "Supplier": "Health-UK", "SuplierRegion": "United Kingdom", "SuplierCountry": "Europe"}, {"Region": "Australia and Oceania", "Country": "Vanuatu", "Item Type": "Vegetables", "Sales Channel": "Online", "Order Priority": "L", "Order Date": "2013-01-24", "Order ID": "754522976", "Ship Date": "2013-11-11", "Units Sold": 8710.0, "Unit Price": 135.57, "Unit Cost": 85.47, "Total Revenue": 1180814.7, "Total Cost": 744443.7, "Total Profit": 436371.0, "ItemID": "ABHUTVEG0002GE", "Supplier": "Edeka-DE", "SuplierRegion": "Germany", "SuplierCountry": "Europe"}, {"Region": "Sub-Saharan Africa", "Country": "Cameroon", "Item Type": "Clothes", "Sales Channel": "Online", "Order Priority": "M", "Order Date": "2021-03-27", "Order ID": "902172371", "Ship Date": "2023-02-25", "Units Sold": 2940.0, "Unit Price": 192.47, "Unit Cost": 176.61, "Total Revenue": 565861.8, "Total Cost": 519233.4, "Total Profit": 46628.4, "ItemID": "EHUNGCLO0069ES", "Supplier": "H&M-ESP", "SuplierRegion": "Europe", "SuplierCountry": "Spain"}, {"Region": "Europe", "Country": "Luxembourg", "Item Type": "Meat", "Sales Channel": "Online", "Order Priority": "M", "Order Date": "2014-02-02", "Order ID": "848793672", "Ship Date": "2018-01-20", "Units Sold": 9905.0, "Unit Price": 345.95, "Unit Cost": 309.99, "Total Revenue": 3426634.75, "Total Cost": 3070450.95, "Total Profit": 356183.8, "ItemID": "ATHAIMEA0024UE", "Supplier": "Fegro-UK", "SuplierRegion": "United Kingdom", "SuplierCountry": "Europe"}, {"Region": "Central America and the Caribbean", "Country": "Saint Kitts and Nevis ", "Item Type": "Fruits", "Sales Channel": "Online", "Order Priority": "C", "Order Date": "2017-05-18", "Order ID": "538812634", "Ship Date": "2023-10-31", "Units Sold": 3360.0, "Unit Price": 7.65, "Unit Cost": 6.37, "Total Revenue": 25704.0, "Total Cost": 21403.2, "Total Profit": 4300.8, "ItemID": "AMALDFRU0015UE", "Supplier": "Penny-UK", "SuplierRegion": "United Kingdom", "SuplierCountry": "Europe"}, {"Region": "Sub-Saharan Africa", "Country": "Ethiopia", "Item Type": "Snacks", "Sales Channel": "Offline", "Order Priority": "M", "Order Date": "2018-06-19", "Order ID": "825142240", "Ship Date": "2023-04-06", "Units Sold": 9091.0, "Unit Price": 169.59, "Unit Cost": 170.37, "Total Revenue": 1541742.69, "Total Cost": 1548833.67, "Total Profit": "-7090,98", "ItemID": "EGREESNA0068ES", "Supplier": "Edeka-ESP", "SuplierRegion": "Europe", "SuplierCountry": "Spain"}, {"Region": "Europe", "Country": "Spain", "Item Type": "Beverages", "Sales Channel": "Online", "Order Priority": "L", "Order Date": "2010-10-21", "Order ID": "490132891", "Ship Date": "2017-08-07", "Units Sold": 9916.0, "Unit Price": 224.71, "Unit Cost": 165.54, "Total Revenue": 2228224.36, "Total Cost": 1641494.64, "Total Profit": 586729.72, "ItemID": "EBELABEV0055EN", "Supplier": "WIFA-NL", "SuplierRegion": "Europe", "SuplierCountry": "Netherlands"}, {"Region": "Central America and the Caribbean", "Country": "Antigua and Barbuda ", "Item Type": "Vegetables", "Sales Channel": "Offline", "Order Priority": "M", "Order Date": "2022-01-23", "Order ID": "481624629", "Ship Date": "2022-06-09", "Units Sold": 682.0, "Unit Price": 146.36, "Unit Cost": 70.93, "Total Revenue": 99817.52, "Total Cost": 48374.26, "Total Profit": 51443.26, "ItemID": "AMALAVEG0014UE", "Supplier": "Edeka-UK", "SuplierRegion": "United Kingdom", "SuplierCountry": "Europe"}, {"Region": "Australia and Oceania", "Country": "Nauru", "Item Type": "Snacks", "Sales Channel": "Online", "Order Priority": "L", "Order Date": "2010-02-16", "Order ID": "232415262", "Ship Date": "2015-10-08", "Units Sold": 3271.0, "Unit Price": 256.5, "Unit Cost": 145.67, "Total Revenue": 839011.5, "Total Cost": 476486.57, "Total Profit": 362524.93, "ItemID": "MSAUDSNA0044UN", "Supplier": "Edeka-US", "SuplierRegion": "United States of America", "SuplierCountry": "North America"}, {"Region": "Central America and the Caribbean", "Country": "Panama", "Item Type": "Vegetables", "Sales Channel": "Online", "Order Priority": "C", "Order Date": "2021-06-26", "Order ID": "610222198", "Ship Date": "2021-09-09", "Units Sold": 1593.0, "Unit Price": 250.48, "Unit Cost": 182.08, "Total Revenue": 399014.64, "Total Cost": 290053.44, "Total Profit": 108961.2, "ItemID": "MYEMEVEG0050EN", "Supplier": "Edeka-NL", "SuplierRegion": "Europe", "SuplierCountry": "Netherlands"}, {"Region": "Australia and Oceania", "Country": "Australia", "Item Type": "Household", "Sales Channel": "Online", "Order Priority": "M", "Order Date": "2014-05-18", "Order ID": "164118327", "Ship Date": "2017-01-22", "Units Sold": 6591.0, "Unit Price": 180.33, "Unit Cost": 156.74, "Total Revenue": 1188555.03, "Total Cost": 1033073.34, "Total Profit": 155481.69, "ItemID": "EICELHOU0070ES", "Supplier": "Wholesale-ESP", "SuplierRegion": "Europe", "SuplierCountry": "Spain"}, {"Region": "Asia", "Country": "Japan", "Item Type": "Clothes", "Sales Channel": "Online", "Order Priority": "H", "Order Date": "2013-08-01", "Order ID": "826277466", "Ship Date": "2022-10-27", "Units Sold": 1238.0, "Unit Price": 128.95, "Unit Cost": 27.24, "Total Revenue": 159640.1, "Total Cost": 33723.12, "Total Profit": 125916.98, "ItemID": "ASRI CLO0021UE", "Supplier": "H&M-UK", "SuplierRegion": "United Kingdom", "SuplierCountry": "Europe"}, {"Region": "Central America and the Caribbean", "Country": "Dominica", "Item Type": "Personal Care", "Sales Channel": "Offline", "Order Priority": "H", "Order Date": "2017-07-19", "Order ID": "616777487", "Ship Date": "2022-10-25", "Units Sold": 5539.0, "Unit Price": 71.11, "Unit Cost": 52.14, "Total Revenue": 393878.29, "Total Cost": 288803.46, "Total Profit": 105074.83, "ItemID": "ATAJIPER0023UE", "Supplier": "Health-UK", "SuplierRegion": "United Kingdom", "SuplierCountry": "Europe"}, {"Region": "Asia", "Country": "Laos", "Item Type": "Cereal", "Sales Channel": "Online", "Order Priority": "H", "Order Date": "2018-02-28", "Order ID": "479346520", "Ship Date": "2021-05-12", "Units Sold": 1530.0, "Unit Price": 170.73, "Unit Cost": 104.23, "Total Revenue": 261216.9, "Total Cost": 159471.9, "Total Profit": 101745.0, "ItemID": "ACHINCER0005GE", "Supplier": "Rewe-DE", "SuplierRegion": "Germany", "SuplierCountry": "Europe"}, {"Region": "Europe", "Country": "Greece", "Item Type": "Fruits", "Sales Channel": "Online", "Order Priority": "L", "Order Date": "2015-09-27", "Order ID": "125739000", "Ship Date": "2016-12-11", "Units Sold": 8279.0, "Unit Price": 284.19, "Unit Cost": 172.75, "Total Revenue": 2352809.01, "Total Cost": 1430197.25, "Total Profit": 922611.76, "ItemID": "AVIETFRU0027MT", "Supplier": "Penny-TUR", "SuplierRegion": "Middle East and North Africa", "SuplierCountry": "Turkey"}, {"Region": "Middle East and North Africa", "Country": "Yemen", "Item Type": "Cosmetics", "Sales Channel": "Online", "Order Priority": "M", "Order Date": "2023-12-23", "Order ID": "130490978", "Ship Date": "2023-12-25", "Units Sold": 6884.0, "Unit Price": 242.36, "Unit Cost": 178.69, "Total Revenue": 1668406.24, "Total Cost": 1230101.96, "Total Profit": 438304.28, "ItemID": "MAFGHCOS0028MT", "Supplier": "Beauty-TUR", "SuplierRegion": "Middle East and North Africa", "SuplierCountry": "Turkey"}, {"Region": "Australia and Oceania", "Country": "Marshall Islands", "Item Type": "Snacks", "Sales Channel": "Offline", "Order Priority": "M", "Order Date": "2011-08-01", "Order ID": "997043279", "Ship Date": "2019-01-08", "Units Sold": 5475.0, "Unit Price": 169.36, "Unit Cost": 87.7, "Total Revenue": 927246.0, "Total Cost": 480157.5, "Total Profit": 447088.5, "ItemID": "AJAPASNA0008GE", "Supplier": "Edeka-DE", "SuplierRegion": "Germany", "SuplierCountry": "Europe"}, {"Region": "Europe", "Country": "Netherlands", "Item Type": "Office Supplies", "Sales Channel": "Offline", "Order Priority": "C", "Order Date": "2011-11-26", "Order ID": "492084465", "Ship Date": "2013-05-15", "Units Sold": 4213.0, "Unit Price": 145.44, "Unit Cost": 150.95, "Total Revenue": 612738.72, "Total Cost": 635952.35, "Total Profit": "-23213,63", "ItemID": "ECZECOFF0061ES", "Supplier": "Staples-ESP", "SuplierRegion": "Europe", "SuplierCountry": "Spain"}, {"Region": "Middle East and North Africa", "Country": "Saudi Arabia", "Item Type": "Baby Food", "Sales Channel": "Offline", "Order Priority": "H", "Order Date": "2019-05-12", "Order ID": "784933618", "Ship Date": "2021-01-30", "Units Sold": 291.0, "Unit Price": 230.92, "Unit Cost": 181.07, "Total Revenue": 67197.72, "Total Cost": 52691.37, "Total Profit": 14506.35, "ItemID": "EAUSTBAB0054EN", "Supplier": "Hipp-NL", "SuplierRegion": "Europe", "SuplierCountry": "Netherlands"}, {"Region": "Central America and the Caribbean", "Country": "Saint Vincent and the Grenadines", "Item Type": "Snacks", "Sales Channel": "Online", "Order Priority": "L", "Order Date": "2018-10-06", "Order ID": "350864248", "Ship Date": "2020-07-02", "Units Sold": 2933.0, "Unit Price": 183.1, "Unit Cost": 91.59, "Total Revenue": 537032.3, "Total Cost": 268633.47, "Total Profit": 268398.83, "ItemID": "ASINGSNA0020UE", "Supplier": "Edeka-UK", "SuplierRegion": "United Kingdom", "SuplierCountry": "Europe"}, {"Region": "Europe", "Country": "Malta", "Item Type": "Beverages", "Sales Channel": "Offline", "Order Priority": "M", "Order Date": "2022-12-09", "Order ID": "690434788", "Ship Date": "2023-07-13", "Units Sold": 8392.0, "Unit Price": 224.71, "Unit Cost": 165.54, "Total Revenue": 1885766.32, "Total Cost": 1389211.68, "Total Profit": 496554.64, "ItemID": "EBELABEV0055EN", "Supplier": "WIFA-NL", "SuplierRegion": "Europe", "SuplierCountry": "Netherlands"}, {"Region": "Middle East and North Africa", "Country": "Iraq", "Item Type": "Household", "Sales Channel": "Offline", "Order Priority": "M", "Order Date": "2022-10-10", "Order ID": "977513909", "Ship Date": "2022-10-17", "Units Sold": 4956.0, "Unit Price": 170.86, "Unit Cost": 172.13, "Total Revenue": 846782.16, "Total Cost": 853076.28, "Total Profit": "-6294,12", "ItemID": "EBULGHOU0058EN", "Supplier": "Wholesale-NL", "SuplierRegion": "Europe", "SuplierCountry": "Netherlands"}, {"Region": "Australia and Oceania", "Country": "Kiribati", "Item Type": "Fruits", "Sales Channel": "Online", "Order Priority": "L", "Order Date": "2023-11-24", "Order ID": "540530422", "Ship Date": "2024-01-01", "Units Sold": 7941.0, "Unit Price": 200.95, "Unit Cost": 173.25, "Total Revenue": 1595743.95, "Total Cost": 1375778.25, "Total Profit": 219965.7, "ItemID": "EESTOFRU0063ES", "Supplier": "Penny-ESP", "SuplierRegion": "Europe", "SuplierCountry": "Spain"}, {"Region": "Central America and the Caribbean", "Country": "Dominican Republic", "Item Type": "Baby Food", "Sales Channel": "Online", "Order Priority": "C", "Order Date": "2016-12-26", "Order ID": "494290414", "Ship Date": "2017-07-25", "Units Sold": 4697.0, "Unit Price": 230.92, "Unit Cost": 181.07, "Total Revenue": 1084631.24, "Total Cost": 850485.79, "Total Profit": 234145.45, "ItemID": "EAUSTBAB0054EN", "Supplier": "Hipp-NL", "SuplierRegion": "Europe", "SuplierCountry": "Netherlands"}, {"Region": "Europe", "Country": "Netherlands", "Item Type": "Cosmetics", "Sales Channel": "Offline", "Order Priority": "M", "Order Date": "2023-12-06", "Order ID": "111771762", "Ship Date": "2023-12-29", "Units Sold": 9603.0, "Unit Price": 341.02, "Unit Cost": 229.1, "Total Revenue": 3274815.06, "Total Cost": 2200047.3, "Total Profit": 1074767.76, "ItemID": "ACAMBCOS0004GE", "Supplier": "Beauty-DE", "SuplierRegion": "Germany", "SuplierCountry": "Europe"}, {"Region": "Sub-Saharan Africa", "Country": "Burkina Faso", "Item Type": "Cosmetics", "Sales Channel": "Online", "Order Priority": "H", "Order Date": "2017-05-12", "Order ID": "154786597", "Ship Date": "2019-08-23", "Units Sold": 9070.0, "Unit Price": 175.71, "Unit Cost": 157.04, "Total Revenue": 1593689.7, "Total Cost": 1424352.8, "Total Profit": 169336.9, "ItemID": "EANDOCOS0052EN", "Supplier": "Beauty-NL", "SuplierRegion": "Europe", "SuplierCountry": "Netherlands"}, {"Region": "Sub-Saharan Africa", "Country": "South Sudan", "Item Type": "Vegetables", "Sales Channel": "Offline", "Order Priority": "C", "Order Date": "2018-02-17", "Order ID": "806307628", "Ship Date": "2018-08-25", "Units Sold": 6541.0, "Unit Price": 216.09, "Unit Cost": 179.19, "Total Revenue": 1413444.69, "Total Cost": 1172081.79, "Total Profit": 241362.9, "ItemID": "MLEBAVEG0038UN", "Supplier": "Edeka-US", "SuplierRegion": "United States of America", "SuplierCountry": "North America"}, {"Region": "Europe", "Country": "Spain", "Item Type": "Cereal", "Sales Channel": "Offline", "Order Priority": "L", "Order Date": "2012-01-03", "Order ID": "979827373", "Ship Date": "2015-04-05", "Units Sold": 7489.0, "Unit Price": 201.57, "Unit Cost": 158.63, "Total Revenue": 1509557.73, "Total Cost": 1187980.07, "Total Profit": 321577.66, "ItemID": "MOMANCER0041UN", "Supplier": "Rewe-US", "SuplierRegion": "United States of America", "SuplierCountry": "North America"}, {"Region": "Europe", "Country": "Lithuania", "Item Type": "Snacks", "Sales Channel": "Online", "Order Priority": "M", "Order Date": "2021-02-02", "Order ID": "555385527", "Ship Date": "2021-10-12", "Units Sold": 4419.0, "Unit Price": 143.8, "Unit Cost": 169.71, "Total Revenue": 635452.2, "Total Cost": 749948.49, "Total Profit": "-114496,29", "ItemID": "EBELGSNA0056EN", "Supplier": "Edeka-NL", "SuplierRegion": "Europe", "SuplierCountry": "Netherlands"}, {"Region": "Europe", "Country": "France", "Item Type": "Cosmetics", "Sales Channel": "Offline", "Order Priority": "M", "Order Date": "2023-08-27", "Order ID": "320721120", "Ship Date": "2023-10-18", "Units Sold": 1868.0, "Unit Price": 242.36, "Unit Cost": 178.69, "Total Revenue": 452728.48, "Total Cost": 333792.92, "Total Profit": 118935.56, "ItemID": "MAFGHCOS0028MT", "Supplier": "Beauty-TUR", "SuplierRegion": "Middle East and North Africa", "SuplierCountry": "Turkey"}, {"Region": "Europe", "Country": "Portugal", "Item Type": "Meat", "Sales Channel": "Online", "Order Priority": "L", "Order Date": "2013-12-29", "Order ID": "992217252", "Ship Date": "2014-09-03", "Units Sold": 1402.0, "Unit Price": 238.37, "Unit Cost": 171.02, "Total Revenue": 334194.74, "Total Cost": 239770.04, "Total Profit": 94424.7, "ItemID": "MJORDMEA0036MT", "Supplier": "Fegro-TUR", "SuplierRegion": "Middle East and North Africa", "SuplierCountry": "Turkey"}, {"Region": "Sub-Saharan Africa", "Country": "Guinea-Bissau", "Item Type": "Vegetables", "Sales Channel": "Online", "Order Priority": "M", "Order Date": "2015-12-05", "Order ID": "417414653", "Ship Date": "2022-11-29", "Units Sold": 6621.0, "Unit Price": 216.09, "Unit Cost": 179.19, "Total Revenue": 1430731.89, "Total Cost": 1186416.99, "Total Profit": 244314.9, "ItemID": "MLEBAVEG0038UN", "Supplier": "Edeka-US", "SuplierRegion": "United States of America", "SuplierCountry": "North America"}, {"Region": "Sub-Saharan Africa", "Country": "Republic of the Congo", "Item Type": "Vegetables", "Sales Channel": "Offline", "Order Priority": "L", "Order Date": "2023-09-30", "Order ID": "994259661", "Ship Date": "2023-12-04", "Units Sold": 8154.0, "Unit Price": 250.48, "Unit Cost": 182.08, "Total Revenue": 2042413.92, "Total Cost": 1484680.32, "Total Profit": 557733.6, "ItemID": "MYEMEVEG0050EN", "Supplier": "Edeka-NL", "SuplierRegion": "Europe", "SuplierCountry": "Netherlands"}, {"Region": "Central America and the Caribbean", "Country": "Dominica", "Item Type": "Baby Food", "Sales Channel": "Offline", "Order Priority": "H", "Order Date": "2014-04-13", "Order ID": "322834556", "Ship Date": "2021-04-17", "Units Sold": 8662.0, "Unit Price": 256.84, "Unit Cost": 154.97, "Total Revenue": 2224748.08, "Total Cost": 1342350.14, "Total Profit": 882397.94, "ItemID": "MPAKIBAB0042UN", "Supplier": "Hipp-US", "SuplierRegion": "United States of America", "SuplierCountry": "North America"}, {"Region": "Asia", "Country": "Nepal", "Item Type": "Cereal", "Sales Channel": "Online", "Order Priority": "M", "Order Date": "2020-03-09", "Order ID": "996165178", "Ship Date": "2020-06-09", "Units Sold": 7839.0, "Unit Price": 201.57, "Unit Cost": 158.63, "Total Revenue": 1580107.23, "Total Cost": 1243500.57, "Total Profit": 336606.66, "ItemID": "MOMANCER0041UN", "Supplier": "Rewe-US", "SuplierRegion": "United States of America", "SuplierCountry": "North America"}, {"Region": "Sub-Saharan Africa", "Country": "Namibia", "Item Type": "Cereal", "Sales Channel": "Offline", "Order Priority": "M", "Order Date": "2010-07-24", "Order ID": "857177084", "Ship Date": "2016-02-28", "Units Sold": 7406.0, "Unit Price": 274.76, "Unit Cost": 150.38, "Total Revenue": 2034872.56, "Total Cost": 1113714.28, "Total Profit": 921158.28, "ItemID": "MALGECER0029MT", "Supplier": "Rewe-TUR", "SuplierRegion": "Middle East and North Africa", "SuplierCountry": "Turkey"}, {"Region": "Sub-Saharan Africa", "Country": "Kenya", "Item Type": "Snacks", "Sales Channel": "Online", "Order Priority": "H", "Order Date": "2020-10-16", "Order ID": "790352500", "Ship Date": "2023-06-25", "Units Sold": 6120.0, "Unit Price": 256.5, "Unit Cost": 145.67, "Total Revenue": 1569780.0, "Total Cost": 891500.4, "Total Profit": 678279.6, "ItemID": "MSAUDSNA0044UN", "Supplier": "Edeka-US", "SuplierRegion": "United States of America", "SuplierCountry": "North America"}, {"Region": "Sub-Saharan Africa", "Country": "Mali", "Item Type": "Baby Food", "Sales Channel": "Offline", "Order Priority": "L", "Order Date": "2015-08-22", "Order ID": "342332127", "Ship Date": "2022-06-30", "Units Sold": 4766.0, "Unit Price": 288.47, "Unit Cost": 119.57, "Total Revenue": 1374848.02, "Total Cost": 569870.62, "Total Profit": 804977.4, "ItemID": "AINDIBAB0006GE", "Supplier": "Hipp-DE", "SuplierRegion": "Germany", "SuplierCountry": "Europe"}, {"Region": "Middle East and North Africa", "Country": "Israel", "Item Type": "Vegetables", "Sales Channel": "Offline", "Order Priority": "L", "Order Date": "2011-02-23", "Order ID": "943418952", "Ship Date": "2014-02-15", "Units Sold": 1162.0, "Unit Price": 216.09, "Unit Cost": 179.19, "Total Revenue": 251096.58, "Total Cost": 208218.78, "Total Profit": 42877.8, "ItemID": "MLEBAVEG0038UN", "Supplier": "Edeka-US", "SuplierRegion": "United States of America", "SuplierCountry": "North America"}, {"Region": "Asia", "Country": "Malaysia", "Item Type": "Household", "Sales Channel": "Online", "Order Priority": "L", "Order Date": "2013-07-22", "Order ID": "363925051", "Ship Date": "2021-01-28", "Units Sold": 5156.0, "Unit Price": 180.33, "Unit Cost": 156.74, "Total Revenue": 929781.48, "Total Cost": 808151.44, "Total Profit": 121630.04, "ItemID": "EICELHOU0070ES", "Supplier": "Wholesale-ESP", "SuplierRegion": "Europe", "SuplierCountry": "Spain"}, {"Region": "Asia", "Country": "Bangladesh", "Item Type": "Clothes", "Sales Channel": "Offline", "Order Priority": "L", "Order Date": "2016-01-13", "Order ID": "782215702", "Ship Date": "2022-10-03", "Units Sold": 3629.0, "Unit Price": 128.95, "Unit Cost": 27.24, "Total Revenue": 467959.55, "Total Cost": 98853.96, "Total Profit": 369105.59, "ItemID": "ASRI CLO0021UE", "Supplier": "H&M-UK", "SuplierRegion": "United Kingdom", "SuplierCountry": "Europe"}, {"Region": "Europe", "Country": "Macedonia", "Item Type": "Office Supplies", "Sales Channel": "Online", "Order Priority": "C", "Order Date": "2023-05-27", "Order ID": "272534070", "Ship Date": "2023-09-01", "Units Sold": 5491.0, "Unit Price": 213.85, "Unit Cost": 156.42, "Total Revenue": 1174250.35, "Total Cost": 858902.22, "Total Profit": 315348.13, "ItemID": "MUNITOFF0049EN", "Supplier": "Staples-NL", "SuplierRegion": "Europe", "SuplierCountry": "Netherlands"}, {"Region": "Asia", "Country": "Vietnam", "Item Type": "Household", "Sales Channel": "Offline", "Order Priority": "M", "Order Date": "2021-07-29", "Order ID": "597921457", "Ship Date": "2023-07-02", "Units Sold": 6685.0, "Unit Price": 641.54, "Unit Cost": 472.39, "Total Revenue": 4288694.9, "Total Cost": 3157927.15, "Total Profit": 1130767.75, "ItemID": "ANORTHOU0010GE", "Supplier": "Wholesale-DE", "SuplierRegion": "Germany", "SuplierCountry": "Europe"}, {"Region": "Sub-Saharan Africa", "Country": "Togo", "Item Type": "Vegetables", "Sales Channel": "Online", "Order Priority": "M", "Order Date": "2011-01-01", "Order ID": "746694431", "Ship Date": "2018-10-22", "Units Sold": 5185.0, "Unit Price": 135.57, "Unit Cost": 85.47, "Total Revenue": 702930.45, "Total Cost": 443161.95, "Total Profit": 259768.5, "ItemID": "ABHUTVEG0002GE", "Supplier": "Edeka-DE", "SuplierRegion": "Germany", "SuplierCountry": "Europe"}, {"Region": "Sub-Saharan Africa", "Country": "Liberia", "Item Type": "Vegetables", "Sales Channel": "Online", "Order Priority": "M", "Order Date": "2020-05-17", "Order ID": "292822304", "Ship Date": "2023-02-18", "Units Sold": 5994.0, "Unit Price": 216.09, "Unit Cost": 179.19, "Total Revenue": 1295243.46, "Total Cost": 1074064.86, "Total Profit": 221178.6, "ItemID": "MLEBAVEG0038UN", "Supplier": "Edeka-US", "SuplierRegion": "United States of America", "SuplierCountry": "North America"}, {"Region": "Sub-Saharan Africa", "Country": "Mauritius ", "Item Type": "Household", "Sales Channel": "Online", "Order Priority": "H", "Order Date": "2012-12-28", "Order ID": "237355982", "Ship Date": "2022-05-14", "Units Sold": 6151.0, "Unit Price": 641.54, "Unit Cost": 472.39, "Total Revenue": 3946112.54, "Total Cost": 2905670.89, "Total Profit": 1040441.65, "ItemID": "ANORTHOU0010GE", "Supplier": "Wholesale-DE", "SuplierRegion": "Germany", "SuplierCountry": "Europe"}, {"Region": "Europe", "Country": "Hungary", "Item Type": "Office Supplies", "Sales Channel": "Offline", "Order Priority": "M", "Order Date": "2016-06-18", "Order ID": "155854758", "Ship Date": "2019-06-14", "Units Sold": 9721.0, "Unit Price": 696.79, "Unit Cost": 493.46, "Total Revenue": 6773495.59, "Total Cost": 4796924.66, "Total Profit": 1976570.93, "ItemID": "ALAOSOFF0013UE", "Supplier": "Staples-UK", "SuplierRegion": "United Kingdom", "SuplierCountry": "Europe"}, {"Region": "Sub-Saharan Africa", "Country": "Cote d'Ivoire", "Item Type": "Office Supplies", "Sales Channel": "Offline", "Order Priority": "M", "Order Date": "2012-02-05", "Order ID": "866905819", "Ship Date": "2013-03-07", "Units Sold": 2803.0, "Unit Price": 258.33, "Unit Cost": 147.67, "Total Revenue": 724098.99, "Total Cost": 413919.01, "Total Profit": 310179.98, "ItemID": "ATURKOFF0025MT", "Supplier": "Staples-TUR", "SuplierRegion": "Middle East and North Africa", "SuplierCountry": "Turkey"}, {"Region": "Central America and the Caribbean", "Country": "Antigua and Barbuda ", "Item Type": "Baby Food", "Sales Channel": "Online", "Order Priority": "H", "Order Date": "2021-07-08", "Order ID": "641508763", "Ship Date": "2023-07-25", "Units Sold": 8528.0, "Unit Price": 288.47, "Unit Cost": 119.57, "Total Revenue": 2460072.16, "Total Cost": 1019692.96, "Total Profit": 1440379.2, "ItemID": "AINDIBAB0006GE", "Supplier": "Hipp-DE", "SuplierRegion": "Germany", "SuplierCountry": "Europe"}, {"Region": "Europe", "Country": "Macedonia", "Item Type": "Baby Food", "Sales Channel": "Online", "Order Priority": "H", "Order Date": "2023-04-20", "Order ID": "121605714", "Ship Date": "2023-09-23", "Units Sold": 2057.0, "Unit Price": 201.67, "Unit Cost": 140.29, "Total Revenue": 414835.19, "Total Cost": 288576.53, "Total Profit": 126258.66, "ItemID": "ANEPABAB0018UE", "Supplier": "Hipp-UK", "SuplierRegion": "United Kingdom", "SuplierCountry": "Europe"}, {"Region": "Europe", "Country": "Albania", "Item Type": "Clothes", "Sales Channel": "Online", "Order Priority": "L", "Order Date": "2014-06-29", "Order ID": "941496401", "Ship Date": "2023-07-05", "Units Sold": 5581.0, "Unit Price": 244.5, "Unit Cost": 179.9, "Total Revenue": 1364554.5, "Total Cost": 1004021.9, "Total Profit": 360532.6, "ItemID": "MIRANCLO0033MT", "Supplier": "H&M-TUR", "SuplierRegion": "Middle East and North Africa", "SuplierCountry": "Turkey"}, {"Region": "Australia and Oceania", "Country": "Nauru", "Item Type": "Vegetables", "Sales Channel": "Offline", "Order Priority": "C", "Order Date": "2011-07-15", "Order ID": "842383847", "Ship Date": "2022-07-18", "Units Sold": 3325.0, "Unit Price": 250.48, "Unit Cost": 182.08, "Total Revenue": 832846.0, "Total Cost": 605416.0, "Total Profit": 227430.0, "ItemID": "MYEMEVEG0050EN", "Supplier": "Edeka-NL", "SuplierRegion": "Europe", "SuplierCountry": "Netherlands"}, {"Region": "Sub-Saharan Africa", "Country": "Central African Republic", "Item Type": "Beverages", "Sales Channel": "Offline", "Order Priority": "M", "Order Date": "2010-05-25", "Order ID": "464395623", "Ship Date": "2020-01-17", "Units Sold": 6543.0, "Unit Price": 224.71, "Unit Cost": 165.54, "Total Revenue": 1470277.53, "Total Cost": 1083128.22, "Total Profit": 387149.31, "ItemID": "EBELABEV0055EN", "Supplier": "WIFA-NL", "SuplierRegion": "Europe", "SuplierCountry": "Netherlands"}, {"Region": "Central America and the Caribbean", "Country": "Nicaragua", "Item Type": "Clothes", "Sales Channel": "Online", "Order Priority": "L", "Order Date": "2019-06-03", "Order ID": "227456946", "Ship Date": "2020-11-16", "Units Sold": 8522.0, "Unit Price": 229.59, "Unit Cost": 187.71, "Total Revenue": 1956565.98, "Total Cost": 1599664.62, "Total Profit": 356901.36, "ItemID": "EBOSNCLO0057EN", "Supplier": "H&M-NL", "SuplierRegion": "Europe", "SuplierCountry": "Netherlands"}, {"Region": "Middle East and North Africa", "Country": "Turkey", "Item Type": "Cereal", "Sales Channel": "Offline", "Order Priority": "M", "Order Date": "2011-02-03", "Order ID": "708609202", "Ship Date": "2011-07-04", "Units Sold": 9578.0, "Unit Price": 217.45, "Unit Cost": 165.11, "Total Revenue": 2082736.1, "Total Cost": 1581423.58, "Total Profit": 501312.52, "ItemID": "EARMECER0053EN", "Supplier": "Rewe-NL", "SuplierRegion": "Europe", "SuplierCountry": "Netherlands"}, {"Region": "Australia and Oceania", "Country": "Tuvalu", "Item Type": "Fruits", "Sales Channel": "Offline", "Order Priority": "L", "Order Date": "2022-06-26", "Order ID": "439441300", "Ship Date": "2023-12-25", "Units Sold": 2061.0, "Unit Price": 200.95, "Unit Cost": 173.25, "Total Revenue": 414157.95, "Total Cost": 357068.25, "Total Profit": 57089.7, "ItemID": "EESTOFRU0063ES", "Supplier": "Penny-ESP", "SuplierRegion": "Europe", "SuplierCountry": "Spain"}, {"Region": "Central America and the Caribbean", "Country": "Jamaica", "Item Type": "Meat", "Sales Channel": "Online", "Order Priority": "M", "Order Date": "2012-03-20", "Order ID": "440514135", "Ship Date": "2015-04-21", "Units Sold": 5351.0, "Unit Price": 345.95, "Unit Cost": 309.99, "Total Revenue": 1851178.45, "Total Cost": 1658756.49, "Total Profit": 192421.96, "ItemID": "ATHAIMEA0024UE", "Supplier": "Fegro-UK", "SuplierRegion": "United Kingdom", "SuplierCountry": "Europe"}, {"Region": "Sub-Saharan Africa", "Country": "Rwanda", "Item Type": "Cosmetics", "Sales Channel": "Online", "Order Priority": "H", "Order Date": "2014-01-14", "Order ID": "916193023", "Ship Date": "2019-05-15", "Units Sold": 858.0, "Unit Price": 172.09, "Unit Cost": 154.56, "Total Revenue": 147653.22, "Total Cost": 132612.48, "Total Profit": 15040.74, "ItemID": "MMOROCOS0040UN", "Supplier": "Beauty-US", "SuplierRegion": "United States of America", "SuplierCountry": "North America"}, {"Region": "Sub-Saharan Africa", "Country": "Djibouti", "Item Type": "Clothes", "Sales Channel": "Online", "Order Priority": "L", "Order Date": "2013-07-22", "Order ID": "134785549", "Ship Date": "2014-03-15", "Units Sold": 7025.0, "Unit Price": 229.59, "Unit Cost": 187.71, "Total Revenue": 1612869.75, "Total Cost": 1318662.75, "Total Profit": 294207.0, "ItemID": "EBOSNCLO0057EN", "Supplier": "H&M-NL", "SuplierRegion": "Europe", "SuplierCountry": "Netherlands"}, {"Region": "Middle East and North Africa", "Country": "Syria", "Item Type": "Meat", "Sales Channel": "Offline", "Order Priority": "C", "Order Date": "2022-03-11", "Order ID": "279961927", "Ship Date": "2022-11-14", "Units Sold": 4326.0, "Unit Price": 232.52, "Unit Cost": 156.21, "Total Revenue": 1005881.52, "Total Cost": 675764.46, "Total Profit": 330117.06, "ItemID": "MTURKMEA0048UN", "Supplier": "Fegro-US", "SuplierRegion": "United States of America", "SuplierCountry": "North America"}, {"Region": "Sub-Saharan Africa", "Country": "Eritrea", "Item Type": "Baby Food", "Sales Channel": "Offline", "Order Priority": "L", "Order Date": "2021-07-19", "Order ID": "991006970", "Ship Date": "2023-12-09", "Units Sold": 265.0, "Unit Price": 256.84, "Unit Cost": 154.97, "Total Revenue": 68062.6, "Total Cost": 41067.05, "Total Profit": 26995.55, "ItemID": "MPAKIBAB0042UN", "Supplier": "Hipp-US", "SuplierRegion": "United States of America", "SuplierCountry": "North America"}, {"Region": "Europe", "Country": "Serbia", "Item Type": "Household", "Sales Channel": "Online", "Order Priority": "M", "Order Date": "2012-07-19", "Order ID": "374656254", "Ship Date": "2023-05-30", "Units Sold": 4379.0, "Unit Price": 628.17, "Unit Cost": 452.29, "Total Revenue": 2750756.43, "Total Cost": 1980577.91, "Total Profit": 770178.52, "ItemID": "ATAIWHOU0022UE", "Supplier": "Wholesale-UK", "SuplierRegion": "United Kingdom", "SuplierCountry": "Europe"}, {"Region": "Asia", "Country": "Philippines", "Item Type": "Baby Food", "Sales Channel": "Offline", "Order Priority": "L", "Order Date": "2018-09-23", "Order ID": "303147810", "Ship Date": "2023-05-06", "Units Sold": 3235.0, "Unit Price": 221.44, "Unit Cost": 173.45, "Total Revenue": 716358.4, "Total Cost": 561110.75, "Total Profit": 155247.65, "ItemID": "MAZERBAB0030MT", "Supplier": "Hipp-TUR", "SuplierRegion": "Middle East and North Africa", "SuplierCountry": "Turkey"}, {"Region": "Asia", "Country": "Taiwan", "Item Type": "Meat", "Sales Channel": "Offline", "Order Priority": "C", "Order Date": "2023-10-09", "Order ID": "916871617", "Ship Date": "2023-11-11", "Units Sold": 5431.0, "Unit Price": 213.2, "Unit Cost": 158.69, "Total Revenue": 1157889.2, "Total Cost": 861845.39, "Total Profit": 296043.81, "ItemID": "ECYPRMEA0060EN", "Supplier": "Fegro-NL", "SuplierRegion": "Europe", "SuplierCountry": "Netherlands"}, {"Region": "Europe", "Country": "Portugal", "Item Type": "Snacks", "Sales Channel": "Offline", "Order Priority": "H", "Order Date": "2014-07-05", "Order ID": "259759093", "Ship Date": "2022-09-14", "Units Sold": 6598.0, "Unit Price": 183.1, "Unit Cost": 91.59, "Total Revenue": 1208093.8, "Total Cost": 604310.82, "Total Profit": 603782.98, "ItemID": "ASINGSNA0020UE", "Supplier": "Edeka-UK", "SuplierRegion": "United Kingdom", "SuplierCountry": "Europe"}, {"Region": "Australia and Oceania", "Country": "Marshall Islands", "Item Type": "Meat", "Sales Channel": "Online", "Order Priority": "H", "Order Date": "2014-04-15", "Order ID": "700234867", "Ship Date": "2018-07-27", "Units Sold": 4396.0, "Unit Price": 213.2, "Unit Cost": 158.69, "Total Revenue": 937227.2, "Total Cost": 697601.24, "Total Profit": 239625.96, "ItemID": "ECYPRMEA0060EN", "Supplier": "Fegro-NL", "SuplierRegion": "Europe", "SuplierCountry": "Netherlands"}, {"Region": "Sub-Saharan Africa", "Country": "Ghana", "Item Type": "Cosmetics", "Sales Channel": "Offline", "Order Priority": "C", "Order Date": "2010-06-27", "Order ID": "255039659", "Ship Date": "2019-02-17", "Units Sold": 3519.0, "Unit Price": 242.36, "Unit Cost": 178.69, "Total Revenue": 852864.84, "Total Cost": 628810.11, "Total Profit": 224054.73, "ItemID": "MAFGHCOS0028MT", "Supplier": "Beauty-TUR", "SuplierRegion": "Middle East and North Africa", "SuplierCountry": "Turkey"}, {"Region": "Asia", "Country": "Cambodia", "Item Type": "Meat", "Sales Channel": "Offline", "Order Priority": "L", "Order Date": "2019-08-25", "Order ID": "136574495", "Ship Date": "2023-07-28", "Units Sold": 689.0, "Unit Price": 493.61, "Unit Cost": 328.22, "Total Revenue": 340097.29, "Total Cost": 226143.58, "Total Profit": 113953.71, "ItemID": "AKYRGMEA0012GE", "Supplier": "Fegro-DE", "SuplierRegion": "Germany", "SuplierCountry": "Europe"}, {"Region": "Middle East and North Africa", "Country": "Israel", "Item Type": "Cosmetics", "Sales Channel": "Offline", "Order Priority": "C", "Order Date": "2010-01-30", "Order ID": "990504211", "Ship Date": "2016-06-02", "Units Sold": 9661.0, "Unit Price": 419.71, "Unit Cost": 229.1, "Total Revenue": 4054818.31, "Total Cost": 2213335.1, "Total Profit": 1841483.21, "ItemID": "AMONGCOS0016UE", "Supplier": "Beauty-UK", "SuplierRegion": "United Kingdom", "SuplierCountry": "Europe"}, {"Region": "Central America and the Caribbean", "Country": "Saint Kitts and Nevis ", "Item Type": "Beverages", "Sales Channel": "Offline", "Order Priority": "M", "Order Date": "2020-10-03", "Order ID": "853895180", "Ship Date": "2022-05-16", "Units Sold": 6223.0, "Unit Price": 152.9, "Unit Cost": 168.15, "Total Revenue": 951496.7, "Total Cost": 1046397.45, "Total Profit": "-94900,75", "ItemID": "EGERMBEV0067ES", "Supplier": "WIFA-ESP", "SuplierRegion": "Europe", "SuplierCountry": "Spain"}, {"Region": "Asia", "Country": "Vietnam", "Item Type": "Meat", "Sales Channel": "Online", "Order Priority": "L", "Order Date": "2021-01-11", "Order ID": "526803036", "Ship Date": "2021-08-25", "Units Sold": 3190.0, "Unit Price": 238.37, "Unit Cost": 171.02, "Total Revenue": 760400.3, "Total Cost": 545553.8, "Total Profit": 214846.5, "ItemID": "MJORDMEA0036MT", "Supplier": "Fegro-TUR", "SuplierRegion": "Middle East and North Africa", "SuplierCountry": "Turkey"}, {"Region": "Europe", "Country": "Georgia", "Item Type": "Clothes", "Sales Channel": "Online", "Order Priority": "M", "Order Date": "2023-07-15", "Order ID": "736254073", "Ship Date": "2023-07-15", "Units Sold": 5412.0, "Unit Price": 244.5, "Unit Cost": 179.9, "Total Revenue": 1323234.0, "Total Cost": 973618.8, "Total Profit": 349615.2, "ItemID": "MIRANCLO0033MT", "Supplier": "H&M-TUR", "SuplierRegion": "Middle East and North Africa", "SuplierCountry": "Turkey"}, {"Region": "Europe", "Country": "Croatia", "Item Type": "Office Supplies", "Sales Channel": "Offline", "Order Priority": "H", "Order Date": "2011-08-13", "Order ID": "439017382", "Ship Date": "2020-05-25", "Units Sold": 4768.0, "Unit Price": 696.79, "Unit Cost": 493.46, "Total Revenue": 3322294.72, "Total Cost": 2352817.28, "Total Profit": 969477.44, "ItemID": "ALAOSOFF0013UE", "Supplier": "Staples-UK", "SuplierRegion": "United Kingdom", "SuplierCountry": "Europe"}, {"Region": "Australia and Oceania", "Country": "Palau", "Item Type": "Vegetables", "Sales Channel": "Online", "Order Priority": "M", "Order Date": "2022-01-01", "Order ID": "410763825", "Ship Date": "2022-03-16", "Units Sold": 5170.0, "Unit Price": 291.48, "Unit Cost": 153.56, "Total Revenue": 1506951.6, "Total Cost": 793905.2, "Total Profit": 713046.4, "ItemID": "AUZBEVEG0026MT", "Supplier": "Edeka-TUR", "SuplierRegion": "Middle East and North Africa", "SuplierCountry": "Turkey"}, {"Region": "Central America and the Caribbean", "Country": "Nicaragua", "Item Type": "Meat", "Sales Channel": "Offline", "Order Priority": "M", "Order Date": "2019-10-21", "Order ID": "555853213", "Ship Date": "2023-12-17", "Units Sold": 7561.0, "Unit Price": 238.37, "Unit Cost": 171.02, "Total Revenue": 1802315.57, "Total Cost": 1293082.22, "Total Profit": 509233.35, "ItemID": "MJORDMEA0036MT", "Supplier": "Fegro-TUR", "SuplierRegion": "Middle East and North Africa", "SuplierCountry": "Turkey"}, {"Region": "Europe", "Country": "Vatican City", "Item Type": "Household", "Sales Channel": "Offline", "Order Priority": "L", "Order Date": "2014-04-06", "Order ID": "153800853", "Ship Date": "2022-07-06", "Units Sold": 4913.0, "Unit Price": 254.23, "Unit Cost": 147.57, "Total Revenue": 1249031.99, "Total Cost": 725011.41, "Total Profit": 524020.58, "ItemID": "MIRAQHOU0034MT", "Supplier": "Wholesale-TUR", "SuplierRegion": "Middle East and North Africa", "SuplierCountry": "Turkey"}, {"Region": "Middle East and North Africa", "Country": "Yemen", "Item Type": "Snacks", "Sales Channel": "Online", "Order Priority": "H", "Order Date": "2020-08-10", "Order ID": "745495585", "Ship Date": "2023-12-12", "Units Sold": 7231.0, "Unit Price": 169.59, "Unit Cost": 170.37, "Total Revenue": 1226305.29, "Total Cost": 1231945.47, "Total Profit": "-5640,18", "ItemID": "EGREESNA0068ES", "Supplier": "Edeka-ESP", "SuplierRegion": "Europe", "SuplierCountry": "Spain"}, {"Region": "Europe", "Country": "Estonia", "Item Type": "Cereal", "Sales Channel": "Offline", "Order Priority": "M", "Order Date": "2017-06-16", "Order ID": "838225315", "Ship Date": "2020-02-13", "Units Sold": 6552.0, "Unit Price": 130.4, "Unit Cost": 183.69, "Total Revenue": 854380.8, "Total Cost": 1203536.88, "Total Profit": "-349156,08", "ItemID": "EFRANCER0065ES", "Supplier": "Rewe-ESP", "SuplierRegion": "Europe", "SuplierCountry": "Spain"}, {"Region": "Central America and the Caribbean", "Country": "Saint Kitts and Nevis ", "Item Type": "Fruits", "Sales Channel": "Online", "Order Priority": "H", "Order Date": "2017-02-12", "Order ID": "111715614", "Ship Date": "2019-02-21", "Units Sold": 1944.0, "Unit Price": 7.65, "Unit Cost": 6.37, "Total Revenue": 14871.6, "Total Cost": 12383.28, "Total Profit": 2488.32, "ItemID": "AMALDFRU0015UE", "Supplier": "Penny-UK", "SuplierRegion": "United Kingdom", "SuplierCountry": "Europe"}, {"Region": "Australia and Oceania", "Country": "Federated States of Micronesia", "Item Type": "Meat", "Sales Channel": "Online", "Order Priority": "M", "Order Date": "2021-08-07", "Order ID": "353159221", "Ship Date": "2023-07-05", "Units Sold": 4504.0, "Unit Price": 220.55, "Unit Cost": 176.55, "Total Revenue": 993357.2, "Total Cost": 795181.2, "Total Profit": 198176.0, "ItemID": "EITALMEA0072ES", "Supplier": "Fegro-ESP", "SuplierRegion": "Europe", "SuplierCountry": "Spain"}, {"Region": "Europe", "Country": "Monaco", "Item Type": "Snacks", "Sales Channel": "Offline", "Order Priority": "H", "Order Date": "2022-03-28", "Order ID": "335517202", "Ship Date": "2023-01-13", "Units Sold": 2363.0, "Unit Price": 183.1, "Unit Cost": 91.59, "Total Revenue": 432665.3, "Total Cost": 216427.17, "Total Profit": 216238.13, "ItemID": "ASINGSNA0020UE", "Supplier": "Edeka-UK", "SuplierRegion": "United Kingdom", "SuplierCountry": "Europe"}, {"Region": "Middle East and North Africa", "Country": "Azerbaijan", "Item Type": "Vegetables", "Sales Channel": "Offline", "Order Priority": "L", "Order Date": "2015-12-15", "Order ID": "337908697", "Ship Date": "2023-05-08", "Units Sold": 5681.0, "Unit Price": 291.48, "Unit Cost": 153.56, "Total Revenue": 1655897.88, "Total Cost": 872374.36, "Total Profit": 783523.52, "ItemID": "AUZBEVEG0026MT", "Supplier": "Edeka-TUR", "SuplierRegion": "Middle East and North Africa", "SuplierCountry": "Turkey"}, {"Region": "Central America and the Caribbean", "Country": "Costa Rica", "Item Type": "Fruits", "Sales Channel": "Offline", "Order Priority": "C", "Order Date": "2022-10-09", "Order ID": "100669772", "Ship Date": "2023-05-06", "Units Sold": 1652.0, "Unit Price": 284.19, "Unit Cost": 172.75, "Total Revenue": 469481.88, "Total Cost": 285383.0, "Total Profit": 184098.88, "ItemID": "AVIETFRU0027MT", "Supplier": "Penny-TUR", "SuplierRegion": "Middle East and North Africa", "SuplierCountry": "Turkey"}, {"Region": "Asia", "Country": "China", "Item Type": "Personal Care", "Sales Channel": "Offline", "Order Priority": "H", "Order Date": "2018-06-10", "Order ID": "579822761", "Ship Date": "2022-05-12", "Units Sold": 9498.0, "Unit Price": 156.05, "Unit Cost": 160.47, "Total Revenue": 1482162.9, "Total Cost": 1524144.06, "Total Profit": "-41981,16", "ItemID": "ECROAPER0059EN", "Supplier": "Health-NL", "SuplierRegion": "Europe", "SuplierCountry": "Netherlands"}, {"Region": "Middle East and North Africa", "Country": "Saudi Arabia", "Item Type": "Household", "Sales Channel": "Online", "Order Priority": "M", "Order Date": "2013-06-29", "Order ID": "893603070", "Ship Date": "2020-02-05", "Units Sold": 5475.0, "Unit Price": 180.33, "Unit Cost": 156.74, "Total Revenue": 987306.75, "Total Cost": 858151.5, "Total Profit": 129155.25, "ItemID": "EICELHOU0070ES", "Supplier": "Wholesale-ESP", "SuplierRegion": "Europe", "SuplierCountry": "Spain"}, {"Region": "Sub-Saharan Africa", "Country": "Nigeria", "Item Type": "Personal Care", "Sales Channel": "Online", "Order Priority": "C", "Order Date": "2022-12-16", "Order ID": "251760760", "Ship Date": "2023-09-27", "Units Sold": 7869.0, "Unit Price": 242.75, "Unit Cost": 151.6, "Total Revenue": 1910199.75, "Total Cost": 1192940.4, "Total Profit": 717259.35, "ItemID": "MISRAPER0035MT", "Supplier": "Health-TUR", "SuplierRegion": "Middle East and North Africa", "SuplierCountry": "Turkey"}, {"Region": "Sub-Saharan Africa", "Country": "Rwanda", "Item Type": "Household", "Sales Channel": "Online", "Order Priority": "M", "Order Date": "2020-05-30", "Order ID": "539608377", "Ship Date": "2022-10-12", "Units Sold": 1997.0, "Unit Price": 170.86, "Unit Cost": 172.13, "Total Revenue": 341207.42, "Total Cost": 343743.61, "Total Profit": "-2536,19", "ItemID": "EBULGHOU0058EN", "Supplier": "Wholesale-NL", "SuplierRegion": "Europe", "SuplierCountry": "Netherlands"}, {"Region": "Middle East and North Africa", "Country": "Azerbaijan", "Item Type": "Fruits", "Sales Channel": "Offline", "Order Priority": "M", "Order Date": "2018-08-30", "Order ID": "336205168", "Ship Date": "2018-09-29", "Units Sold": 5207.0, "Unit Price": 183.5, "Unit Cost": 160.75, "Total Revenue": 955484.5, "Total Cost": 837025.25, "Total Profit": 118459.25, "ItemID": "EALBAFRU0051EN", "Supplier": "Penny-NL", "SuplierRegion": "Europe", "SuplierCountry": "Netherlands"}, {"Region": "Asia", "Country": "Malaysia", "Item Type": "Personal Care", "Sales Channel": "Online", "Order Priority": "C", "Order Date": "2014-03-05", "Order ID": "261644784", "Ship Date": "2014-11-09", "Units Sold": 1881.0, "Unit Price": 156.05, "Unit Cost": 160.47, "Total Revenue": 293530.05, "Total Cost": 301844.07, "Total Profit": "-8314,02", "ItemID": "ECROAPER0059EN", "Supplier": "Health-NL", "SuplierRegion": "Europe", "SuplierCountry": "Netherlands"}, {"Region": "Sub-Saharan Africa", "Country": "Kenya", "Item Type": "Baby Food", "Sales Channel": "Offline", "Order Priority": "L", "Order Date": "2022-03-01", "Order ID": "560398422", "Ship Date": "2023-10-25", "Units Sold": 8428.0, "Unit Price": 288.47, "Unit Cost": 119.57, "Total Revenue": 2431225.16, "Total Cost": 1007735.96, "Total Profit": 1423489.2, "ItemID": "AINDIBAB0006GE", "Supplier": "Hipp-DE", "SuplierRegion": "Germany", "SuplierCountry": "Europe"}, {"Region": "Sub-Saharan Africa", "Country": "Sao Tome and Principe", "Item Type": "Beverages", "Sales Channel": "Offline", "Order Priority": "L", "Order Date": "2022-01-17", "Order ID": "692739608", "Ship Date": "2023-11-16", "Units Sold": 8291.0, "Unit Price": 51.25, "Unit Cost": 25.75, "Total Revenue": 424913.75, "Total Cost": 213493.25, "Total Profit": 211420.5, "ItemID": "APHILBEV0019UE", "Supplier": "WIFA-UK", "SuplierRegion": "United Kingdom", "SuplierCountry": "Europe"}, {"Region": "Sub-Saharan Africa", "Country": "Gabon", "Item Type": "Clothes", "Sales Channel": "Offline", "Order Priority": "C", "Order Date": "2023-03-23", "Order ID": "955463895", "Ship Date": "2023-04-08", "Units Sold": 6945.0, "Unit Price": 244.5, "Unit Cost": 179.9, "Total Revenue": 1698052.5, "Total Cost": 1249405.5, "Total Profit": 448647.0, "ItemID": "MIRANCLO0033MT", "Supplier": "H&M-TUR", "SuplierRegion": "Middle East and North Africa", "SuplierCountry": "Turkey"}, {"Region": "Europe", "Country": "France", "Item Type": "Beverages", "Sales Channel": "Offline", "Order Priority": "C", "Order Date": "2011-04-26", "Order ID": "650806874", "Ship Date": "2023-09-10", "Units Sold": 6893.0, "Unit Price": 217.53, "Unit Cost": 149.36, "Total Revenue": 1499434.29, "Total Cost": 1029538.48, "Total Profit": 469895.81, "ItemID": "MQATABEV0043UN", "Supplier": "WIFA-US", "SuplierRegion": "United States of America", "SuplierCountry": "North America"}, {"Region": "Europe", "Country": "Italy", "Item Type": "Beverages", "Sales Channel": "Offline", "Order Priority": "H", "Order Date": "2017-07-11", "Order ID": "863128977", "Ship Date": "2018-04-16", "Units Sold": 2671.0, "Unit Price": 152.9, "Unit Cost": 168.15, "Total Revenue": 408395.9, "Total Cost": 449128.65, "Total Profit": "-40732,75", "ItemID": "EGERMBEV0067ES", "Supplier": "WIFA-ESP", "SuplierRegion": "Europe", "SuplierCountry": "Spain"}, {"Region": "Asia", "Country": "Bangladesh", "Item Type": "Fruits", "Sales Channel": "Online", "Order Priority": "H", "Order Date": "2020-03-29", "Order ID": "894890284", "Ship Date": "2022-03-23", "Units Sold": 5848.0, "Unit Price": 257.04, "Unit Cost": 154.35, "Total Revenue": 1503169.92, "Total Cost": 902638.8, "Total Profit": 600531.12, "ItemID": "MLIBYFRU0039UN", "Supplier": "Penny-US", "SuplierRegion": "United States of America", "SuplierCountry": "North America"}, {"Region": "Middle East and North Africa", "Country": "Pakistan", "Item Type": "Office Supplies", "Sales Channel": "Offline", "Order Priority": "C", "Order Date": "2020-07-15", "Order ID": "342957625", "Ship Date": "2023-07-26", "Units Sold": 22.0, "Unit Price": 145.44, "Unit Cost": 150.95, "Total Revenue": 3199.68, "Total Cost": 3320.9, "Total Profit": "-121,22", "ItemID": "ECZECOFF0061ES", "Supplier": "Staples-ESP", "SuplierRegion": "Europe", "SuplierCountry": "Spain"}, {"Region": "Europe", "Country": "San Marino", "Item Type": "Cereal", "Sales Channel": "Offline", "Order Priority": "C", "Order Date": "2022-09-04", "Order ID": "118935213", "Ship Date": "2023-09-17", "Units Sold": 5823.0, "Unit Price": 170.73, "Unit Cost": 104.23, "Total Revenue": 994160.79, "Total Cost": 606931.29, "Total Profit": 387229.5, "ItemID": "ACHINCER0005GE", "Supplier": "Rewe-DE", "SuplierRegion": "Germany", "SuplierCountry": "Europe"}, {"Region": "Asia", "Country": "Laos", "Item Type": "Clothes", "Sales Channel": "Online", "Order Priority": "L", "Order Date": "2016-12-12", "Order ID": "758624458", "Ship Date": "2017-08-23", "Units Sold": 5911.0, "Unit Price": 229.59, "Unit Cost": 187.71, "Total Revenue": 1357106.49, "Total Cost": 1109553.81, "Total Profit": 247552.68, "ItemID": "EBOSNCLO0057EN", "Supplier": "H&M-NL", "SuplierRegion": "Europe", "SuplierCountry": "Netherlands"}, {"Region": "Sub-Saharan Africa", "Country": "Chad", "Item Type": "Baby Food", "Sales Channel": "Online", "Order Priority": "L", "Order Date": "2015-01-20", "Order ID": "678986502", "Ship Date": "2015-04-02", "Units Sold": 9980.0, "Unit Price": 221.44, "Unit Cost": 173.45, "Total Revenue": 2209971.2, "Total Cost": 1731031.0, "Total Profit": 478940.2, "ItemID": "MAZERBAB0030MT", "Supplier": "Hipp-TUR", "SuplierRegion": "Middle East and North Africa", "SuplierCountry": "Turkey"}, {"Region": "Australia and Oceania", "Country": "Papua New Guinea", "Item Type": "Household", "Sales Channel": "Offline", "Order Priority": "C", "Order Date": "2016-08-06", "Order ID": "732010550", "Ship Date": "2019-02-12", "Units Sold": 9753.0, "Unit Price": 158.68, "Unit Cost": 163.59, "Total Revenue": 1547606.04, "Total Cost": 1595493.27, "Total Profit": "-47887,23", "ItemID": "MSYRIHOU0046UN", "Supplier": "Wholesale-US", "SuplierRegion": "United States of America", "SuplierCountry": "North America"}, {"Region": "Sub-Saharan Africa", "Country": "Senegal", "Item Type": "Fruits", "Sales Channel": "Online", "Order Priority": "M", "Order Date": "2012-12-09", "Order ID": "188496472", "Ship Date": "2022-10-16", "Units Sold": 3984.0, "Unit Price": 8.77, "Unit Cost": 5.47, "Total Revenue": 34939.68, "Total Cost": 21792.48, "Total Profit": 13147.2, "ItemID": "ABRUNFRU0003GE", "Supplier": "Penny-DE", "SuplierRegion": "Germany", "SuplierCountry": "Europe"}, {"Region": "Middle East and North Africa", "Country": "Qatar", "Item Type": "Household", "Sales Channel": "Online", "Order Priority": "C", "Order Date": "2012-07-03", "Order ID": "989702138", "Ship Date": "2021-12-07", "Units Sold": 3460.0, "Unit Price": 254.23, "Unit Cost": 147.57, "Total Revenue": 879635.8, "Total Cost": 510592.2, "Total Profit": 369043.6, "ItemID": "MIRAQHOU0034MT", "Supplier": "Wholesale-TUR", "SuplierRegion": "Middle East and North Africa", "SuplierCountry": "Turkey"}, {"Region": "Europe", "Country": "Germany", "Item Type": "Meat", "Sales Channel": "Offline", "Order Priority": "L", "Order Date": "2010-10-30", "Order ID": "967522979", "Ship Date": "2021-03-08", "Units Sold": 5999.0, "Unit Price": 232.52, "Unit Cost": 156.21, "Total Revenue": 1394887.48, "Total Cost": 937103.79, "Total Profit": 457783.69, "ItemID": "MTURKMEA0048UN", "Supplier": "Fegro-US", "SuplierRegion": "United States of America", "SuplierCountry": "North America"}, {"Region": "Europe", "Country": "Liechtenstein", "Item Type": "Household", "Sales Channel": "Online", "Order Priority": "C", "Order Date": "2012-04-09", "Order ID": "731407376", "Ship Date": "2019-09-12", "Units Sold": 1448.0, "Unit Price": 158.68, "Unit Cost": 163.59, "Total Revenue": 229768.64, "Total Cost": 236878.32, "Total Profit": "-7109,68", "ItemID": "MSYRIHOU0046UN", "Supplier": "Wholesale-US", "SuplierRegion": "United States of America", "SuplierCountry": "North America"}, {"Region": "Sub-Saharan Africa", "Country": "Tanzania", "Item Type": "Beverages", "Sales Channel": "Online", "Order Priority": "M", "Order Date": "2020-01-11", "Order ID": "988768186", "Ship Date": "2020-08-09", "Units Sold": 6689.0, "Unit Price": 51.25, "Unit Cost": 25.75, "Total Revenue": 342811.25, "Total Cost": 172241.75, "Total Profit": 170569.5, "ItemID": "APHILBEV0019UE", "Supplier": "WIFA-UK", "SuplierRegion": "United Kingdom", "SuplierCountry": "Europe"}, {"Region": "Europe", "Country": "Armenia", "Item Type": "Cereal", "Sales Channel": "Offline", "Order Priority": "L", "Order Date": "2021-11-16", "Order ID": "360595509", "Ship Date": "2022-11-12", "Units Sold": 631.0, "Unit Price": 217.45, "Unit Cost": 165.11, "Total Revenue": 137210.95, "Total Cost": 104184.41, "Total Profit": 33026.54, "ItemID": "EARMECER0053EN", "Supplier": "Rewe-NL", "SuplierRegion": "Europe", "SuplierCountry": "Netherlands"}, {"Region": "Europe", "Country": "Italy", "Item Type": "Cereal", "Sales Channel": "Online", "Order Priority": "C", "Order Date": "2015-02-07", "Order ID": "914040372", "Ship Date": "2022-11-17", "Units Sold": 9217.0, "Unit Price": 170.73, "Unit Cost": 104.23, "Total Revenue": 1573618.41, "Total Cost": 960687.91, "Total Profit": 612930.5, "ItemID": "ACHINCER0005GE", "Supplier": "Rewe-DE", "SuplierRegion": "Germany", "SuplierCountry": "Europe"}, {"Region": "Australia and Oceania", "Country": "Australia", "Item Type": "Clothes", "Sales Channel": "Offline", "Order Priority": "M", "Order Date": "2011-06-14", "Order ID": "745538440", "Ship Date": "2018-11-22", "Units Sold": 422.0, "Unit Price": 211.43, "Unit Cost": 147.81, "Total Revenue": 89223.46, "Total Cost": 62375.82, "Total Profit": 26847.64, "ItemID": "MSOMACLO0045UN", "Supplier": "H&M-US", "SuplierRegion": "United States of America", "SuplierCountry": "North America"}, {"Region": "Asia", "Country": "Bangladesh", "Item Type": "Cosmetics", "Sales Channel": "Offline", "Order Priority": "C", "Order Date": "2016-05-19", "Order ID": "364894298", "Ship Date": "2020-11-01", "Units Sold": 9249.0, "Unit Price": 172.09, "Unit Cost": 154.56, "Total Revenue": 1591660.41, "Total Cost": 1429525.44, "Total Profit": 162134.97, "ItemID": "MMOROCOS0040UN", "Supplier": "Beauty-US", "SuplierRegion": "United States of America", "SuplierCountry": "North America"}, {"Region": "Central America and the Caribbean", "Country": "Jamaica", "Item Type": "Fruits", "Sales Channel": "Offline", "Order Priority": "C", "Order Date": "2012-02-24", "Order ID": "668320313", "Ship Date": "2014-11-21", "Units Sold": 2735.0, "Unit Price": 284.19, "Unit Cost": 172.75, "Total Revenue": 777259.65, "Total Cost": 472471.25, "Total Profit": 304788.4, "ItemID": "AVIETFRU0027MT", "Supplier": "Penny-TUR", "SuplierRegion": "Middle East and North Africa", "SuplierCountry": "Turkey"}, {"Region": "Middle East and North Africa", "Country": "Iran", "Item Type": "Beverages", "Sales Channel": "Offline", "Order Priority": "C", "Order Date": "2020-08-31", "Order ID": "818463216", "Ship Date": "2023-08-04", "Units Sold": 4948.0, "Unit Price": 183.43, "Unit Cost": 154.6, "Total Revenue": 907611.64, "Total Cost": 764960.8, "Total Profit": 142650.84, "ItemID": "MBAHRBEV0031MT", "Supplier": "WIFA-TUR", "SuplierRegion": "Middle East and North Africa", "SuplierCountry": "Turkey"}, {"Region": "Australia and Oceania", "Country": "Kiribati", "Item Type": "Vegetables", "Sales Channel": "Offline", "Order Priority": "M", "Order Date": "2010-01-24", "Order ID": "213223970", "Ship Date": "2017-10-22", "Units Sold": 1986.0, "Unit Price": 291.48, "Unit Cost": 153.56, "Total Revenue": 578879.28, "Total Cost": 304970.16, "Total Profit": 273909.12, "ItemID": "AUZBEVEG0026MT", "Supplier": "Edeka-TUR", "SuplierRegion": "Middle East and North Africa", "SuplierCountry": "Turkey"}, {"Region": "Central America and the Caribbean", "Country": "Cuba", "Item Type": "Meat", "Sales Channel": "Offline", "Order Priority": "M", "Order Date": "2017-01-24", "Order ID": "210144633", "Ship Date": "2018-03-27", "Units Sold": 6978.0, "Unit Price": 232.52, "Unit Cost": 156.21, "Total Revenue": 1622524.56, "Total Cost": 1090033.38, "Total Profit": 532491.18, "ItemID": "MTURKMEA0048UN", "Supplier": "Fegro-US", "SuplierRegion": "United States of America", "SuplierCountry": "North America"}, {"Region": "Sub-Saharan Africa", "Country": "Benin", "Item Type": "Meat", "Sales Channel": "Online", "Order Priority": "L", "Order Date": "2021-07-19", "Order ID": "239827968", "Ship Date": "2023-07-22", "Units Sold": 5087.0, "Unit Price": 493.61, "Unit Cost": 328.22, "Total Revenue": 2510994.07, "Total Cost": 1669655.14, "Total Profit": 841338.93, "ItemID": "AKYRGMEA0012GE", "Supplier": "Fegro-DE", "SuplierRegion": "Germany", "SuplierCountry": "Europe"}, {"Region": "Asia", "Country": "Vietnam", "Item Type": "Meat", "Sales Channel": "Offline", "Order Priority": "H", "Order Date": "2010-04-30", "Order ID": "862528294", "Ship Date": "2010-11-29", "Units Sold": 8504.0, "Unit Price": 238.37, "Unit Cost": 171.02, "Total Revenue": 2027098.48, "Total Cost": 1454354.08, "Total Profit": 572744.4, "ItemID": "MJORDMEA0036MT", "Supplier": "Fegro-TUR", "SuplierRegion": "Middle East and North Africa", "SuplierCountry": "Turkey"}, {"Region": "Sub-Saharan Africa", "Country": "Senegal", "Item Type": "Household", "Sales Channel": "Offline", "Order Priority": "L", "Order Date": "2011-05-09", "Order ID": "598592524", "Ship Date": "2021-11-04", "Units Sold": 1452.0, "Unit Price": 158.68, "Unit Cost": 163.59, "Total Revenue": 230403.36, "Total Cost": 237532.68, "Total Profit": "-7129,32", "ItemID": "MSYRIHOU0046UN", "Supplier": "Wholesale-US", "SuplierRegion": "United States of America", "SuplierCountry": "North America"}, {"Region": "Asia", "Country": "Japan", "Item Type": "Cosmetics", "Sales Channel": "Online", "Order Priority": "L", "Order Date": "2018-03-13", "Order ID": "945402598", "Ship Date": "2020-05-19", "Units Sold": 5188.0, "Unit Price": 242.36, "Unit Cost": 178.69, "Total Revenue": 1257363.68, "Total Cost": 927043.72, "Total Profit": 330319.96, "ItemID": "MAFGHCOS0028MT", "Supplier": "Beauty-TUR", "SuplierRegion": "Middle East and North Africa", "SuplierCountry": "Turkey"}, {"Region": "Sub-Saharan Africa", "Country": "Mauritania", "Item Type": "Cosmetics", "Sales Channel": "Offline", "Order Priority": "M", "Order Date": "2023-07-01", "Order ID": "609029149", "Ship Date": "2023-12-24", "Units Sold": 2997.0, "Unit Price": 154.75, "Unit Cost": 161.51, "Total Revenue": 463785.75, "Total Cost": 484045.47, "Total Profit": "-20259,72", "ItemID": "EFINLCOS0064ES", "Supplier": "Beauty-ESP", "SuplierRegion": "Europe", "SuplierCountry": "Spain"}, {"Region": "Sub-Saharan Africa", "Country": "Cape Verde", "Item Type": "Cereal", "Sales Channel": "Online", "Order Priority": "M", "Order Date": "2011-12-09", "Order ID": "495125142", "Ship Date": "2016-10-17", "Units Sold": 5196.0, "Unit Price": 170.73, "Unit Cost": 104.23, "Total Revenue": 887113.08, "Total Cost": 541579.08, "Total Profit": 345534.0, "ItemID": "ACHINCER0005GE", "Supplier": "Rewe-DE", "SuplierRegion": "Germany", "SuplierCountry": "Europe"}, {"Region": "Asia", "Country": "Myanmar", "Item Type": "Baby Food", "Sales Channel": "Offline", "Order Priority": "M", "Order Date": "2019-07-28", "Order ID": "417098529", "Ship Date": "2021-08-11", "Units Sold": 4135.0, "Unit Price": 201.67, "Unit Cost": 140.29, "Total Revenue": 833905.45, "Total Cost": 580099.15, "Total Profit": 253806.3, "ItemID": "ANEPABAB0018UE", "Supplier": "Hipp-UK", "SuplierRegion": "United Kingdom", "SuplierCountry": "Europe"}, {"Region": "Sub-Saharan Africa", "Country": "Lesotho", "Item Type": "Office Supplies", "Sales Channel": "Offline", "Order Priority": "M", "Order Date": "2023-08-08", "Order ID": "927678158", "Ship Date": "2023-12-05", "Units Sold": 9192.0, "Unit Price": 266.15, "Unit Cost": 182.8, "Total Revenue": 2446450.8, "Total Cost": 1680297.6, "Total Profit": 766153.2, "ItemID": "MKUWAOFF0037UN", "Supplier": "Staples-US", "SuplierRegion": "United States of America", "SuplierCountry": "North America"}, {"Region": "Europe", "Country": "San Marino", "Item Type": "Personal Care", "Sales Channel": "Online", "Order Priority": "C", "Order Date": "2022-08-27", "Order ID": "885898978", "Ship Date": "2023-07-12", "Units Sold": 1779.0, "Unit Price": 71.11, "Unit Cost": 52.14, "Total Revenue": 126504.69, "Total Cost": 92757.06, "Total Profit": 33747.63, "ItemID": "ATAJIPER0023UE", "Supplier": "Health-UK", "SuplierRegion": "United Kingdom", "SuplierCountry": "Europe"}, {"Region": "Middle East and North Africa", "Country": "Saudi Arabia", "Item Type": "Beverages", "Sales Channel": "Offline", "Order Priority": "C", "Order Date": "2013-03-15", "Order ID": "129193164", "Ship Date": "2016-11-16", "Units Sold": 339.0, "Unit Price": 152.9, "Unit Cost": 168.15, "Total Revenue": 51833.1, "Total Cost": 57002.85, "Total Profit": "-5169,75", "ItemID": "EGERMBEV0067ES", "Supplier": "WIFA-ESP", "SuplierRegion": "Europe", "SuplierCountry": "Spain"}, {"Region": "Asia", "Country": "India", "Item Type": "Clothes", "Sales Channel": "Online", "Order Priority": "H", "Order Date": "2017-08-20", "Order ID": "489385457", "Ship Date": "2022-03-07", "Units Sold": 5344.0, "Unit Price": 192.47, "Unit Cost": 176.61, "Total Revenue": 1028559.68, "Total Cost": 943803.84, "Total Profit": 84755.84, "ItemID": "EHUNGCLO0069ES", "Supplier": "H&M-ESP", "SuplierRegion": "Europe", "SuplierCountry": "Spain"}, {"Region": "Middle East and North Africa", "Country": "Oman", "Item Type": "Household", "Sales Channel": "Offline", "Order Priority": "H", "Order Date": "2019-04-24", "Order ID": "150425538", "Ship Date": "2019-12-26", "Units Sold": 4301.0, "Unit Price": 170.86, "Unit Cost": 172.13, "Total Revenue": 734868.86, "Total Cost": 740331.13, "Total Profit": "-5462,27", "ItemID": "EBULGHOU0058EN", "Supplier": "Wholesale-NL", "SuplierRegion": "Europe", "SuplierCountry": "Netherlands"}, {"Region": "Asia", "Country": "South Korea", "Item Type": "Baby Food", "Sales Channel": "Offline", "Order Priority": "L", "Order Date": "2012-08-12", "Order ID": "413169271", "Ship Date": "2015-12-24", "Units Sold": 6745.0, "Unit Price": 201.67, "Unit Cost": 140.29, "Total Revenue": 1360264.15, "Total Cost": 946256.05, "Total Profit": 414008.1, "ItemID": "ANEPABAB0018UE", "Supplier": "Hipp-UK", "SuplierRegion": "United Kingdom", "SuplierCountry": "Europe"}, {"Region": "Middle East and North Africa", "Country": "Egypt", "Item Type": "Vegetables", "Sales Channel": "Online", "Order Priority": "C", "Order Date": "2021-02-08", "Order ID": "781929169", "Ship Date": "2021-12-01", "Units Sold": 9243.0, "Unit Price": 212.19, "Unit Cost": 178.99, "Total Revenue": 1961272.17, "Total Cost": 1654404.57, "Total Profit": 306867.6, "ItemID": "EDENMVEG0062ES", "Supplier": "Edeka-ESP", "SuplierRegion": "Europe", "SuplierCountry": "Spain"}, {"Region": "Asia", "Country": "Nepal", "Item Type": "Cosmetics", "Sales Channel": "Offline", "Order Priority": "M", "Order Date": "2016-01-10", "Order ID": "340864627", "Ship Date": "2023-12-23", "Units Sold": 395.0, "Unit Price": 172.09, "Unit Cost": 154.56, "Total Revenue": 67975.55, "Total Cost": 61051.2, "Total Profit": 6924.35, "ItemID": "MMOROCOS0040UN", "Supplier": "Beauty-US", "SuplierRegion": "United States of America", "SuplierCountry": "North America"}, {"Region": "Sub-Saharan Africa", "Country": "Gabon", "Item Type": "Cereal", "Sales Channel": "Online", "Order Priority": "L", "Order Date": "2021-08-24", "Order ID": "386100424", "Ship Date": "2022-05-29", "Units Sold": 5829.0, "Unit Price": 170.73, "Unit Cost": 104.23, "Total Revenue": 995185.17, "Total Cost": 607556.67, "Total Profit": 387628.5, "ItemID": "ACHINCER0005GE", "Supplier": "Rewe-DE", "SuplierRegion": "Germany", "SuplierCountry": "Europe"}, {"Region": "Australia and Oceania", "Country": "New Zealand", "Item Type": "Clothes", "Sales Channel": "Online", "Order Priority": "H", "Order Date": "2016-06-20", "Order ID": "693247049", "Ship Date": "2018-11-20", "Units Sold": 3208.0, "Unit Price": 244.5, "Unit Cost": 179.9, "Total Revenue": 784356.0, "Total Cost": 577119.2, "Total Profit": 207236.8, "ItemID": "MIRANCLO0033MT", "Supplier": "H&M-TUR", "SuplierRegion": "Middle East and North Africa", "SuplierCountry": "Turkey"}, {"Region": "Sub-Saharan Africa", "Country": "Uganda", "Item Type": "Household", "Sales Channel": "Offline", "Order Priority": "L", "Order Date": "2013-12-01", "Order ID": "500609953", "Ship Date": "2015-01-09", "Units Sold": 7223.0, "Unit Price": 158.68, "Unit Cost": 163.59, "Total Revenue": 1146145.64, "Total Cost": 1181610.57, "Total Profit": "-35464,93", "ItemID": "MSYRIHOU0046UN", "Supplier": "Wholesale-US", "SuplierRegion": "United States of America", "SuplierCountry": "North America"}, {"Region": "Sub-Saharan Africa", "Country": "Cameroon", "Item Type": "Personal Care", "Sales Channel": "Offline", "Order Priority": "L", "Order Date": "2012-12-21", "Order ID": "825985874", "Ship Date": "2015-04-14", "Units Sold": 4598.0, "Unit Price": 156.05, "Unit Cost": 160.47, "Total Revenue": 717517.9, "Total Cost": 737841.06, "Total Profit": "-20323,16", "ItemID": "ECROAPER0059EN", "Supplier": "Health-NL", "SuplierRegion": "Europe", "SuplierCountry": "Netherlands"}, {"Region": "Sub-Saharan Africa", "Country": "Liberia", "Item Type": "Cosmetics", "Sales Channel": "Offline", "Order Priority": "M", "Order Date": "2013-07-07", "Order ID": "590445996", "Ship Date": "2023-08-31", "Units Sold": 9088.0, "Unit Price": 341.02, "Unit Cost": 229.1, "Total Revenue": 3099189.76, "Total Cost": 2082060.8, "Total Profit": 1017128.96, "ItemID": "ACAMBCOS0004GE", "Supplier": "Beauty-DE", "SuplierRegion": "Germany", "SuplierCountry": "Europe"}, {"Region": "Central America and the Caribbean", "Country": "Dominican Republic", "Item Type": "Cosmetics", "Sales Channel": "Online", "Order Priority": "C", "Order Date": "2015-10-24", "Order ID": "191062247", "Ship Date": "2016-07-14", "Units Sold": 6479.0, "Unit Price": 175.71, "Unit Cost": 157.04, "Total Revenue": 1138425.09, "Total Cost": 1017462.16, "Total Profit": 120962.93, "ItemID": "EANDOCOS0052EN", "Supplier": "Beauty-NL", "SuplierRegion": "Europe", "SuplierCountry": "Netherlands"}, {"Region": "Sub-Saharan Africa", "Country": "Rwanda", "Item Type": "Fruits", "Sales Channel": "Online", "Order Priority": "L", "Order Date": "2023-11-27", "Order ID": "200518993", "Ship Date": "2023-12-12", "Units Sold": 9589.0, "Unit Price": 8.77, "Unit Cost": 5.47, "Total Revenue": 84095.53, "Total Cost": 52451.83, "Total Profit": 31643.7, "ItemID": "ABRUNFRU0003GE", "Supplier": "Penny-DE", "SuplierRegion": "Germany", "SuplierCountry": "Europe"}, {"Region": "Middle East and North Africa", "Country": "Morocco", "Item Type": "Vegetables", "Sales Channel": "Online", "Order Priority": "C", "Order Date": "2018-05-27", "Order ID": "691420540", "Ship Date": "2023-06-08", "Units Sold": 3266.0, "Unit Price": 216.09, "Unit Cost": 179.19, "Total Revenue": 705749.94, "Total Cost": 585234.54, "Total Profit": 120515.4, "ItemID": "MLEBAVEG0038UN", "Supplier": "Edeka-US", "SuplierRegion": "United States of America", "SuplierCountry": "North America"}, {"Region": "Sub-Saharan Africa", "Country": "Eritrea", "Item Type": "Cosmetics", "Sales Channel": "Offline", "Order Priority": "M", "Order Date": "2010-04-30", "Order ID": "842460589", "Ship Date": "2013-02-14", "Units Sold": 9390.0, "Unit Price": 172.09, "Unit Cost": 154.56, "Total Revenue": 1615925.1, "Total Cost": 1451318.4, "Total Profit": 164606.7, "ItemID": "MMOROCOS0040UN", "Supplier": "Beauty-US", "SuplierRegion": "United States of America", "SuplierCountry": "North America"}, {"Region": "Europe", "Country": "Germany", "Item Type": "Meat", "Sales Channel": "Online", "Order Priority": "L", "Order Date": "2017-07-21", "Order ID": "265009463", "Ship Date": "2019-01-31", "Units Sold": 1872.0, "Unit Price": 213.2, "Unit Cost": 158.69, "Total Revenue": 399110.4, "Total Cost": 297067.68, "Total Profit": 102042.72, "ItemID": "ECYPRMEA0060EN", "Supplier": "Fegro-NL", "SuplierRegion": "Europe", "SuplierCountry": "Netherlands"}, {"Region": "Europe", "Country": "Liechtenstein", "Item Type": "Office Supplies", "Sales Channel": "Online", "Order Priority": "M", "Order Date": "2017-05-26", "Order ID": "153470856", "Ship Date": "2019-09-19", "Units Sold": 1655.0, "Unit Price": 145.44, "Unit Cost": 150.95, "Total Revenue": 240703.2, "Total Cost": 249822.25, "Total Profit": "-9119,05", "ItemID": "ECZECOFF0061ES", "Supplier": "Staples-ESP", "SuplierRegion": "Europe", "SuplierCountry": "Spain"}, {"Region": "Asia", "Country": "Mongolia", "Item Type": "Household", "Sales Channel": "Online", "Order Priority": "M", "Order Date": "2021-03-19", "Order ID": "336226912", "Ship Date": "2023-12-05", "Units Sold": 1712.0, "Unit Price": 254.23, "Unit Cost": 147.57, "Total Revenue": 435241.76, "Total Cost": 252639.84, "Total Profit": 182601.92, "ItemID": "MIRAQHOU0034MT", "Supplier": "Wholesale-TUR", "SuplierRegion": "Middle East and North Africa", "SuplierCountry": "Turkey"}, {"Region": "Asia", "Country": "Bhutan", "Item Type": "Fruits", "Sales Channel": "Online", "Order Priority": "H", "Order Date": "2016-04-16", "Order ID": "492919804", "Ship Date": "2021-08-17", "Units Sold": 2048.0, "Unit Price": 284.19, "Unit Cost": 172.75, "Total Revenue": 582021.12, "Total Cost": 353792.0, "Total Profit": 228229.12, "ItemID": "AVIETFRU0027MT", "Supplier": "Penny-TUR", "SuplierRegion": "Middle East and North Africa", "SuplierCountry": "Turkey"}, {"Region": "Sub-Saharan Africa", "Country": "Botswana", "Item Type": "Cosmetics", "Sales Channel": "Online", "Order Priority": "L", "Order Date": "2014-01-03", "Order ID": "658305129", "Ship Date": "2018-12-28", "Units Sold": 4700.0, "Unit Price": 172.09, "Unit Cost": 154.56, "Total Revenue": 808823.0, "Total Cost": 726432.0, "Total Profit": 82391.0, "ItemID": "MMOROCOS0040UN", "Supplier": "Beauty-US", "SuplierRegion": "United States of America", "SuplierCountry": "North America"}, {"Region": "Australia and Oceania", "Country": "Solomon Islands", "Item Type": "Office Supplies", "Sales Channel": "Online", "Order Priority": "L", "Order Date": "2014-10-21", "Order ID": "790353696", "Ship Date": "2017-08-24", "Units Sold": 8734.0, "Unit Price": 145.44, "Unit Cost": 150.95, "Total Revenue": 1270272.96, "Total Cost": 1318397.3, "Total Profit": "-48124,34", "ItemID": "ECZECOFF0061ES", "Supplier": "Staples-ESP", "SuplierRegion": "Europe", "SuplierCountry": "Spain"}, {"Region": "Sub-Saharan Africa", "Country": "Cape Verde", "Item Type": "Baby Food", "Sales Channel": "Online", "Order Priority": "C", "Order Date": "2021-11-30", "Order ID": "396608210", "Ship Date": "2022-11-19", "Units Sold": 5249.0, "Unit Price": 221.44, "Unit Cost": 173.45, "Total Revenue": 1162338.56, "Total Cost": 910439.05, "Total Profit": 251899.51, "ItemID": "MAZERBAB0030MT", "Supplier": "Hipp-TUR", "SuplierRegion": "Middle East and North Africa", "SuplierCountry": "Turkey"}, {"Region": "Australia and Oceania", "Country": "Tuvalu", "Item Type": "Beverages", "Sales Channel": "Online", "Order Priority": "C", "Order Date": "2023-11-14", "Order ID": "659082514", "Ship Date": "2023-12-11", "Units Sold": 2375.0, "Unit Price": 51.25, "Unit Cost": 25.75, "Total Revenue": 121718.75, "Total Cost": 61156.25, "Total Profit": 60562.5, "ItemID": "APHILBEV0019UE", "Supplier": "WIFA-UK", "SuplierRegion": "United Kingdom", "SuplierCountry": "Europe"}, {"Region": "Australia and Oceania", "Country": "Kiribati", "Item Type": "Office Supplies", "Sales Channel": "Online", "Order Priority": "H", "Order Date": "2010-03-24", "Order ID": "222443853", "Ship Date": "2018-07-06", "Units Sold": 274.0, "Unit Price": 213.85, "Unit Cost": 156.42, "Total Revenue": 58594.9, "Total Cost": 42859.08, "Total Profit": 15735.82, "ItemID": "MUNITOFF0049EN", "Supplier": "Staples-NL", "SuplierRegion": "Europe", "SuplierCountry": "Netherlands"}, {"Region": "Australia and Oceania", "Country": "Solomon Islands", "Item Type": "Personal Care", "Sales Channel": "Online", "Order Priority": "C", "Order Date": "2017-10-10", "Order ID": "225074814", "Ship Date": "2018-07-05", "Units Sold": 6137.0, "Unit Price": 156.05, "Unit Cost": 160.47, "Total Revenue": 957678.85, "Total Cost": 984804.39, "Total Profit": "-27125,54", "ItemID": "ECROAPER0059EN", "Supplier": "Health-NL", "SuplierRegion": "Europe", "SuplierCountry": "Netherlands"}, {"Region": "Europe", "Country": "Portugal", "Item Type": "Meat", "Sales Channel": "Online", "Order Priority": "L", "Order Date": "2014-11-19", "Order ID": "810310177", "Ship Date": "2019-10-30", "Units Sold": 9188.0, "Unit Price": 493.61, "Unit Cost": 328.22, "Total Revenue": 4535288.68, "Total Cost": 3015685.36, "Total Profit": 1519603.32, "ItemID": "AKYRGMEA0012GE", "Supplier": "Fegro-DE", "SuplierRegion": "Germany", "SuplierCountry": "Europe"}, {"Region": "Asia", "Country": "Sri Lanka", "Item Type": "Office Supplies", "Sales Channel": "Online", "Order Priority": "L", "Order Date": "2018-12-22", "Order ID": "988406389", "Ship Date": "2021-12-24", "Units Sold": 5683.0, "Unit Price": 664.23, "Unit Cost": 585.79, "Total Revenue": 3774819.09, "Total Cost": 3329044.57, "Total Profit": 445774.52, "ItemID": "ABANGOFF0001GE", "Supplier": "Staples-DE", "SuplierRegion": "Germany", "SuplierCountry": "Europe"}, {"Region": "Central America and the Caribbean", "Country": "The Bahamas", "Item Type": "Personal Care", "Sales Channel": "Online", "Order Priority": "H", "Order Date": "2016-01-26", "Order ID": "761214950", "Ship Date": "2020-07-04", "Units Sold": 3907.0, "Unit Price": 197.58, "Unit Cost": 189.14, "Total Revenue": 771945.06, "Total Cost": 738969.98, "Total Profit": 32975.08, "ItemID": "EIRELPER0071ES", "Supplier": "Health-ESP", "SuplierRegion": "Europe", "SuplierCountry": "Spain"}, {"Region": "Sub-Saharan Africa", "Country": "Mauritania", "Item Type": "Cosmetics", "Sales Channel": "Online", "Order Priority": "H", "Order Date": "2022-05-24", "Order ID": "281930161", "Ship Date": "2022-08-18", "Units Sold": 9177.0, "Unit Price": 172.09, "Unit Cost": 154.56, "Total Revenue": 1579269.93, "Total Cost": 1418397.12, "Total Profit": 160872.81, "ItemID": "MMOROCOS0040UN", "Supplier": "Beauty-US", "SuplierRegion": "United States of America", "SuplierCountry": "North America"}, {"Region": "Sub-Saharan Africa", "Country": "Lesotho", "Item Type": "Personal Care", "Sales Channel": "Offline", "Order Priority": "L", "Order Date": "2017-03-12", "Order ID": "169404360", "Ship Date": "2018-07-11", "Units Sold": 8843.0, "Unit Price": 242.75, "Unit Cost": 151.6, "Total Revenue": 2146638.25, "Total Cost": 1340598.8, "Total Profit": 806039.45, "ItemID": "MISRAPER0035MT", "Supplier": "Health-TUR", "SuplierRegion": "Middle East and North Africa", "SuplierCountry": "Turkey"}, {"Region": "Sub-Saharan Africa", "Country": "Ghana", "Item Type": "Cereal", "Sales Channel": "Offline", "Order Priority": "M", "Order Date": "2021-01-11", "Order ID": "745997374", "Ship Date": "2022-05-14", "Units Sold": 7284.0, "Unit Price": 274.76, "Unit Cost": 150.38, "Total Revenue": 2001351.84, "Total Cost": 1095367.92, "Total Profit": 905983.92, "ItemID": "MALGECER0029MT", "Supplier": "Rewe-TUR", "SuplierRegion": "Middle East and North Africa", "SuplierCountry": "Turkey"}, {"Region": "Australia and Oceania", "Country": "Kiribati", "Item Type": "Beverages", "Sales Channel": "Online", "Order Priority": "C", "Order Date": "2022-05-09", "Order ID": "624936950", "Ship Date": "2023-09-28", "Units Sold": 911.0, "Unit Price": 51.25, "Unit Cost": 25.75, "Total Revenue": 46688.75, "Total Cost": 23458.25, "Total Profit": 23230.5, "ItemID": "APHILBEV0019UE", "Supplier": "WIFA-UK", "SuplierRegion": "United Kingdom", "SuplierCountry": "Europe"}, {"Region": "Sub-Saharan Africa", "Country": "Sudan", "Item Type": "Household", "Sales Channel": "Online", "Order Priority": "M", "Order Date": "2019-02-09", "Order ID": "548056417", "Ship Date": "2021-07-05", "Units Sold": 3167.0, "Unit Price": 170.86, "Unit Cost": 172.13, "Total Revenue": 541113.62, "Total Cost": 545135.71, "Total Profit": "-4022,09", "ItemID": "EBULGHOU0058EN", "Supplier": "Wholesale-NL", "SuplierRegion": "Europe", "SuplierCountry": "Netherlands"}, {"Region": "Asia", "Country": "Malaysia", "Item Type": "Personal Care", "Sales Channel": "Offline", "Order Priority": "M", "Order Date": "2012-10-02", "Order ID": "461097102", "Ship Date": "2018-05-16", "Units Sold": 9525.0, "Unit Price": 96.44, "Unit Cost": 43.07, "Total Revenue": 918591.0, "Total Cost": 410241.75, "Total Profit": 508349.25, "ItemID": "ASOUTPER0011GE", "Supplier": "Health-DE", "SuplierRegion": "Germany", "SuplierCountry": "Europe"}, {"Region": "Europe", "Country": "Germany", "Item Type": "Cereal", "Sales Channel": "Offline", "Order Priority": "H", "Order Date": "2023-12-24", "Order ID": "158193572", "Ship Date": "2023-12-25", "Units Sold": 2491.0, "Unit Price": 158.39, "Unit Cost": 106.57, "Total Revenue": 394549.49, "Total Cost": 265465.87, "Total Profit": 129083.62, "ItemID": "AMYANCER0017UE", "Supplier": "Rewe-UK", "SuplierRegion": "United Kingdom", "SuplierCountry": "Europe"}, {"Region": "Europe", "Country": "Slovakia", "Item Type": "Snacks", "Sales Channel": "Offline", "Order Priority": "L", "Order Date": "2020-05-15", "Order ID": "964436796", "Ship Date": "2021-07-19", "Units Sold": 6600.0, "Unit Price": 183.1, "Unit Cost": 91.59, "Total Revenue": 1208460.0, "Total Cost": 604494.0, "Total Profit": 603966.0, "ItemID": "ASINGSNA0020UE", "Supplier": "Edeka-UK", "SuplierRegion": "United Kingdom", "SuplierCountry": "Europe"}, {"Region": "Central America and the Caribbean", "Country": "Grenada", "Item Type": "Cosmetics", "Sales Channel": "Offline", "Order Priority": "L", "Order Date": "2020-12-02", "Order ID": "847011158", "Ship Date": "2021-08-07", "Units Sold": 3419.0, "Unit Price": 242.36, "Unit Cost": 178.69, "Total Revenue": 828628.84, "Total Cost": 610941.11, "Total Profit": 217687.73, "ItemID": "MAFGHCOS0028MT", "Supplier": "Beauty-TUR", "SuplierRegion": "Middle East and North Africa", "SuplierCountry": "Turkey"}, {"Region": "Sub-Saharan Africa", "Country": "Djibouti", "Item Type": "Household", "Sales Channel": "Online", "Order Priority": "M", "Order Date": "2021-07-01", "Order ID": "881266386", "Ship Date": "2022-02-24", "Units Sold": 6548.0, "Unit Price": 180.33, "Unit Cost": 156.74, "Total Revenue": 1180800.84, "Total Cost": 1026333.52, "Total Profit": 154467.32, "ItemID": "EICELHOU0070ES", "Supplier": "Wholesale-ESP", "SuplierRegion": "Europe", "SuplierCountry": "Spain"}, {"Region": "Europe", "Country": "Belgium", "Item Type": "Beverages", "Sales Channel": "Online", "Order Priority": "H", "Order Date": "2013-05-27", "Order ID": "673561129", "Ship Date": "2015-10-21", "Units Sold": 6617.0, "Unit Price": 51.25, "Unit Cost": 25.75, "Total Revenue": 339121.25, "Total Cost": 170387.75, "Total Profit": 168733.5, "ItemID": "APHILBEV0019UE", "Supplier": "WIFA-UK", "SuplierRegion": "United Kingdom", "SuplierCountry": "Europe"}, {"Region": "Central America and the Caribbean", "Country": "Haiti", "Item Type": "Personal Care", "Sales Channel": "Online", "Order Priority": "M", "Order Date": "2020-05-15", "Order ID": "994909344", "Ship Date": "2023-06-23", "Units Sold": 6285.0, "Unit Price": 156.05, "Unit Cost": 160.47, "Total Revenue": 980774.25, "Total Cost": 1008553.95, "Total Profit": "-27779,70", "ItemID": "ECROAPER0059EN", "Supplier": "Health-NL", "SuplierRegion": "Europe", "SuplierCountry": "Netherlands"}, {"Region": "Europe", "Country": "Hungary", "Item Type": "Cosmetics", "Sales Channel": "Offline", "Order Priority": "H", "Order Date": "2012-02-18", "Order ID": "269194241", "Ship Date": "2019-03-15", "Units Sold": 5246.0, "Unit Price": 341.02, "Unit Cost": 229.1, "Total Revenue": 1788990.92, "Total Cost": 1201858.6, "Total Profit": 587132.32, "ItemID": "ACAMBCOS0004GE", "Supplier": "Beauty-DE", "SuplierRegion": "Germany", "SuplierCountry": "Europe"}, {"Region": "Middle East and North Africa", "Country": "Egypt", "Item Type": "Vegetables", "Sales Channel": "Offline", "Order Priority": "C", "Order Date": "2013-10-07", "Order ID": "991755434", "Ship Date": "2022-05-25", "Units Sold": 5224.0, "Unit Price": 250.48, "Unit Cost": 182.08, "Total Revenue": 1308507.52, "Total Cost": 951185.92, "Total Profit": 357321.6, "ItemID": "MYEMEVEG0050EN", "Supplier": "Edeka-NL", "SuplierRegion": "Europe", "SuplierCountry": "Netherlands"}, {"Region": "Australia and Oceania", "Country": "Vanuatu", "Item Type": "Snacks", "Sales Channel": "Offline", "Order Priority": "H", "Order Date": "2011-07-29", "Order ID": "298718452", "Ship Date": "2017-09-27", "Units Sold": 4973.0, "Unit Price": 183.1, "Unit Cost": 91.59, "Total Revenue": 910556.3, "Total Cost": 455477.07, "Total Profit": 455079.23, "ItemID": "ASINGSNA0020UE", "Supplier": "Edeka-UK", "SuplierRegion": "United Kingdom", "SuplierCountry": "Europe"}, {"Region": "Sub-Saharan Africa", "Country": "Republic of the Congo", "Item Type": "Office Supplies", "Sales Channel": "Offline", "Order Priority": "H", "Order Date": "2023-11-21", "Order ID": "627078788", "Ship Date": "2023-12-26", "Units Sold": 5279.0, "Unit Price": 213.85, "Unit Cost": 156.42, "Total Revenue": 1128914.15, "Total Cost": 825741.18, "Total Profit": 303172.97, "ItemID": "MUNITOFF0049EN", "Supplier": "Staples-NL", "SuplierRegion": "Europe", "SuplierCountry": "Netherlands"}, {"Region": "Central America and the Caribbean", "Country": "El Salvador", "Item Type": "Snacks", "Sales Channel": "Online", "Order Priority": "L", "Order Date": "2023-03-19", "Order ID": "331417678", "Ship Date": "2023-10-09", "Units Sold": 3961.0, "Unit Price": 256.5, "Unit Cost": 145.67, "Total Revenue": 1015996.5, "Total Cost": 576998.87, "Total Profit": 438997.63, "ItemID": "MSAUDSNA0044UN", "Supplier": "Edeka-US", "SuplierRegion": "United States of America", "SuplierCountry": "North America"}, {"Region": "Sub-Saharan Africa", "Country": "Liberia", "Item Type": "Clothes", "Sales Channel": "Offline", "Order Priority": "H", "Order Date": "2022-03-15", "Order ID": "253277176", "Ship Date": "2022-10-17", "Units Sold": 865.0, "Unit Price": 98.35, "Unit Cost": 30.46, "Total Revenue": 85072.75, "Total Cost": 26347.9, "Total Profit": 58724.85, "ItemID": "AKAZACLO0009GE", "Supplier": "H&M-DE", "SuplierRegion": "Germany", "SuplierCountry": "Europe"}, {"Region": "Sub-Saharan Africa", "Country": "Sao Tome and Principe", "Item Type": "Cosmetics", "Sales Channel": "Offline", "Order Priority": "H", "Order Date": "2011-06-12", "Order ID": "759088659", "Ship Date": "2011-06-12", "Units Sold": 2873.0, "Unit Price": 341.02, "Unit Cost": 229.1, "Total Revenue": 979750.46, "Total Cost": 658204.3, "Total Profit": 321546.16, "ItemID": "ACAMBCOS0004GE", "Supplier": "Beauty-DE", "SuplierRegion": "Germany", "SuplierCountry": "Europe"}, {"Region": "Middle East and North Africa", "Country": "Libya", "Item Type": "Clothes", "Sales Channel": "Online", "Order Priority": "L", "Order Date": "2011-09-02", "Order ID": "608337944", "Ship Date": "2015-05-31", "Units Sold": 8895.0, "Unit Price": 211.43, "Unit Cost": 147.81, "Total Revenue": 1880669.85, "Total Cost": 1314769.95, "Total Profit": 565899.9, "ItemID": "MSOMACLO0045UN", "Supplier": "H&M-US", "SuplierRegion": "United States of America", "SuplierCountry": "North America"}, {"Region": "Sub-Saharan Africa", "Country": "Cameroon", "Item Type": "Personal Care", "Sales Channel": "Offline", "Order Priority": "C", "Order Date": "2023-01-16", "Order ID": "426248905", "Ship Date": "2023-09-24", "Units Sold": 4874.0, "Unit Price": 156.05, "Unit Cost": 160.47, "Total Revenue": 760587.7, "Total Cost": 782130.78, "Total Profit": "-21543,08", "ItemID": "ECROAPER0059EN", "Supplier": "Health-NL", "SuplierRegion": "Europe", "SuplierCountry": "Netherlands"}, {"Region": "Asia", "Country": "Bhutan", "Item Type": "Vegetables", "Sales Channel": "Offline", "Order Priority": "C", "Order Date": "2022-08-08", "Order ID": "985624789", "Ship Date": "2024-01-03", "Units Sold": 8784.0, "Unit Price": 135.57, "Unit Cost": 85.47, "Total Revenue": 1190846.88, "Total Cost": 750768.48, "Total Profit": 440078.4, "ItemID": "ABHUTVEG0002GE", "Supplier": "Edeka-DE", "SuplierRegion": "Germany", "SuplierCountry": "Europe"}, {"Region": "Europe", "Country": "Albania", "Item Type": "Cosmetics", "Sales Channel": "Offline", "Order Priority": "L", "Order Date": "2021-11-10", "Order ID": "926422006", "Ship Date": "2021-11-16", "Units Sold": 5629.0, "Unit Price": 242.36, "Unit Cost": 178.69, "Total Revenue": 1364244.44, "Total Cost": 1005846.01, "Total Profit": 358398.43, "ItemID": "MAFGHCOS0028MT", "Supplier": "Beauty-TUR", "SuplierRegion": "Middle East and North Africa", "SuplierCountry": "Turkey"}, {"Region": "Europe", "Country": "Slovenia", "Item Type": "Beverages", "Sales Channel": "Online", "Order Priority": "C", "Order Date": "2011-08-27", "Order ID": "228254290", "Ship Date": "2013-08-22", "Units Sold": 2445.0, "Unit Price": 183.43, "Unit Cost": 154.6, "Total Revenue": 448486.35, "Total Cost": 377997.0, "Total Profit": 70489.35, "ItemID": "MBAHRBEV0031MT", "Supplier": "WIFA-TUR", "SuplierRegion": "Middle East and North Africa", "SuplierCountry": "Turkey"}, {"Region": "Asia", "Country": "Kazakhstan", "Item Type": "Household", "Sales Channel": "Offline", "Order Priority": "M", "Order Date": "2018-09-12", "Order ID": "822906423", "Ship Date": "2021-06-21", "Units Sold": 3300.0, "Unit Price": 254.23, "Unit Cost": 147.57, "Total Revenue": 838959.0, "Total Cost": 486981.0, "Total Profit": 351978.0, "ItemID": "MIRAQHOU0034MT", "Supplier": "Wholesale-TUR", "SuplierRegion": "Middle East and North Africa", "SuplierCountry": "Turkey"}, {"Region": "Middle East and North Africa", "Country": "Morocco", "Item Type": "Vegetables", "Sales Channel": "Offline", "Order Priority": "M", "Order Date": "2013-05-01", "Order ID": "576423824", "Ship Date": "2021-09-01", "Units Sold": 4293.0, "Unit Price": 146.36, "Unit Cost": 70.93, "Total Revenue": 628323.48, "Total Cost": 304502.49, "Total Profit": 323820.99, "ItemID": "AMALAVEG0014UE", "Supplier": "Edeka-UK", "SuplierRegion": "United Kingdom", "SuplierCountry": "Europe"}, {"Region": "Sub-Saharan Africa", "Country": "Botswana", "Item Type": "Cosmetics", "Sales Channel": "Offline", "Order Priority": "L", "Order Date": "2022-11-25", "Order ID": "835820579", "Ship Date": "2023-11-02", "Units Sold": 8553.0, "Unit Price": 341.02, "Unit Cost": 229.1, "Total Revenue": 2916744.06, "Total Cost": 1959492.3, "Total Profit": 957251.76, "ItemID": "ACAMBCOS0004GE", "Supplier": "Beauty-DE", "SuplierRegion": "Germany", "SuplierCountry": "Europe"}, {"Region": "Australia and Oceania", "Country": "Samoa ", "Item Type": "Cosmetics", "Sales Channel": "Offline", "Order Priority": "C", "Order Date": "2014-09-28", "Order ID": "332127141", "Ship Date": "2020-08-29", "Units Sold": 1242.0, "Unit Price": 154.75, "Unit Cost": 161.51, "Total Revenue": 192199.5, "Total Cost": 200595.42, "Total Profit": "-8395,92", "ItemID": "EFINLCOS0064ES", "Supplier": "Beauty-ESP", "SuplierRegion": "Europe", "SuplierCountry": "Spain"}, {"Region": "Asia", "Country": "Maldives", "Item Type": "Office Supplies", "Sales Channel": "Offline", "Order Priority": "L", "Order Date": "2010-09-17", "Order ID": "506786211", "Ship Date": "2020-09-08", "Units Sold": 4551.0, "Unit Price": 258.33, "Unit Cost": 147.67, "Total Revenue": 1175659.83, "Total Cost": 672046.17, "Total Profit": 503613.66, "ItemID": "ATURKOFF0025MT", "Supplier": "Staples-TUR", "SuplierRegion": "Middle East and North Africa", "SuplierCountry": "Turkey"}, {"Region": "Sub-Saharan Africa", "Country": "Mozambique", "Item Type": "Cereal", "Sales Channel": "Offline", "Order Priority": "C", "Order Date": "2018-10-09", "Order ID": "187459566", "Ship Date": "2022-03-06", "Units Sold": 2705.0, "Unit Price": 274.76, "Unit Cost": 150.38, "Total Revenue": 743225.8, "Total Cost": 406777.9, "Total Profit": 336447.9, "ItemID": "MALGECER0029MT", "Supplier": "Rewe-TUR", "SuplierRegion": "Middle East and North Africa", "SuplierCountry": "Turkey"}, {"Region": "Europe", "Country": "Netherlands", "Item Type": "Meat", "Sales Channel": "Offline", "Order Priority": "M", "Order Date": "2012-03-26", "Order ID": "928997508", "Ship Date": "2023-05-12", "Units Sold": 6959.0, "Unit Price": 213.2, "Unit Cost": 158.69, "Total Revenue": 1483658.8, "Total Cost": 1104323.71, "Total Profit": 379335.09, "ItemID": "ECYPRMEA0060EN", "Supplier": "Fegro-NL", "SuplierRegion": "Europe", "SuplierCountry": "Netherlands"}, {"Region": "Asia", "Country": "Laos", "Item Type": "Clothes", "Sales Channel": "Online", "Order Priority": "L", "Order Date": "2012-09-09", "Order ID": "690197243", "Ship Date": "2019-07-20", "Units Sold": 597.0, "Unit Price": 229.59, "Unit Cost": 187.71, "Total Revenue": 137065.23, "Total Cost": 112062.87, "Total Profit": 25002.36, "ItemID": "EBOSNCLO0057EN", "Supplier": "H&M-NL", "SuplierRegion": "Europe", "SuplierCountry": "Netherlands"}, {"Region": "Middle East and North Africa", "Country": "Kuwait", "Item Type": "Cosmetics", "Sales Channel": "Offline", "Order Priority": "C", "Order Date": "2023-04-07", "Order ID": "726007986", "Ship Date": "2023-04-25", "Units Sold": 3939.0, "Unit Price": 419.71, "Unit Cost": 229.1, "Total Revenue": 1653237.69, "Total Cost": 902424.9, "Total Profit": 750812.79, "ItemID": "AMONGCOS0016UE", "Supplier": "Beauty-UK", "SuplierRegion": "United Kingdom", "SuplierCountry": "Europe"}, {"Region": "Middle East and North Africa", "Country": "Syria", "Item Type": "Beverages", "Sales Channel": "Offline", "Order Priority": "M", "Order Date": "2020-09-29", "Order ID": "548581867", "Ship Date": "2021-01-01", "Units Sold": 9333.0, "Unit Price": 183.43, "Unit Cost": 154.6, "Total Revenue": 1711952.19, "Total Cost": 1442881.8, "Total Profit": 269070.39, "ItemID": "MBAHRBEV0031MT", "Supplier": "WIFA-TUR", "SuplierRegion": "Middle East and North Africa", "SuplierCountry": "Turkey"}, {"Region": "Asia", "Country": "Bhutan", "Item Type": "Meat", "Sales Channel": "Online", "Order Priority": "C", "Order Date": "2015-02-15", "Order ID": "616250325", "Ship Date": "2022-03-05", "Units Sold": 6157.0, "Unit Price": 238.37, "Unit Cost": 171.02, "Total Revenue": 1467644.09, "Total Cost": 1052970.14, "Total Profit": 414673.95, "ItemID": "MJORDMEA0036MT", "Supplier": "Fegro-TUR", "SuplierRegion": "Middle East and North Africa", "SuplierCountry": "Turkey"}, {"Region": "Middle East and North Africa", "Country": "Egypt", "Item Type": "Cereal", "Sales Channel": "Offline", "Order Priority": "M", "Order Date": "2017-10-08", "Order ID": "383249143", "Ship Date": "2020-06-09", "Units Sold": 5825.0, "Unit Price": 130.4, "Unit Cost": 183.69, "Total Revenue": 759580.0, "Total Cost": 1069994.25, "Total Profit": "-310414,25", "ItemID": "EFRANCER0065ES", "Supplier": "Rewe-ESP", "SuplierRegion": "Europe", "SuplierCountry": "Spain"}, {"Region": "Sub-Saharan Africa", "Country": "Malawi", "Item Type": "Cosmetics", "Sales Channel": "Offline", "Order Priority": "M", "Order Date": "2019-07-05", "Order ID": "796110899", "Ship Date": "2019-08-18", "Units Sold": 6777.0, "Unit Price": 154.75, "Unit Cost": 161.51, "Total Revenue": 1048740.75, "Total Cost": 1094553.27, "Total Profit": "-45812,52", "ItemID": "EFINLCOS0064ES", "Supplier": "Beauty-ESP", "SuplierRegion": "Europe", "SuplierCountry": "Spain"}, {"Region": "Sub-Saharan Africa", "Country": "Sudan", "Item Type": "Cereal", "Sales Channel": "Online", "Order Priority": "H", "Order Date": "2011-08-12", "Order ID": "558646355", "Ship Date": "2018-06-14", "Units Sold": 9488.0, "Unit Price": 170.73, "Unit Cost": 104.23, "Total Revenue": 1619886.24, "Total Cost": 988934.24, "Total Profit": 630952.0, "ItemID": "ACHINCER0005GE", "Supplier": "Rewe-DE", "SuplierRegion": "Germany", "SuplierCountry": "Europe"}, {"Region": "Sub-Saharan Africa", "Country": "The Gambia", "Item Type": "Office Supplies", "Sales Channel": "Online", "Order Priority": "C", "Order Date": "2018-11-07", "Order ID": "381480234", "Ship Date": "2021-12-10", "Units Sold": 1462.0, "Unit Price": 145.44, "Unit Cost": 150.95, "Total Revenue": 212633.28, "Total Cost": 220688.9, "Total Profit": "-8055,62", "ItemID": "ECZECOFF0061ES", "Supplier": "Staples-ESP", "SuplierRegion": "Europe", "SuplierCountry": "Spain"}, {"Region": "Sub-Saharan Africa", "Country": "Cameroon", "Item Type": "Office Supplies", "Sales Channel": "Online", "Order Priority": "L", "Order Date": "2011-02-16", "Order ID": "231024656", "Ship Date": "2015-05-23", "Units Sold": 2236.0, "Unit Price": 664.23, "Unit Cost": 585.79, "Total Revenue": 1485218.28, "Total Cost": 1309826.44, "Total Profit": 175391.84, "ItemID": "ABANGOFF0001GE", "Supplier": "Staples-DE", "SuplierRegion": "Germany", "SuplierCountry": "Europe"}, {"Region": "Europe", "Country": "Bosnia and Herzegovina", "Item Type": "Snacks", "Sales Channel": "Offline", "Order Priority": "C", "Order Date": "2012-05-02", "Order ID": "972255386", "Ship Date": "2017-07-14", "Units Sold": 8377.0, "Unit Price": 169.36, "Unit Cost": 87.7, "Total Revenue": 1418728.72, "Total Cost": 734662.9, "Total Profit": 684065.82, "ItemID": "AJAPASNA0008GE", "Supplier": "Edeka-DE", "SuplierRegion": "Germany", "SuplierCountry": "Europe"}, {"Region": "Asia", "Country": "Uzbekistan", "Item Type": "Baby Food", "Sales Channel": "Offline", "Order Priority": "H", "Order Date": "2015-07-25", "Order ID": "744115742", "Ship Date": "2022-04-23", "Units Sold": 8483.0, "Unit Price": 288.47, "Unit Cost": 119.57, "Total Revenue": 2447091.01, "Total Cost": 1014312.31, "Total Profit": 1432778.7, "ItemID": "AINDIBAB0006GE", "Supplier": "Hipp-DE", "SuplierRegion": "Germany", "SuplierCountry": "Europe"}, {"Region": "Asia", "Country": "Sri Lanka", "Item Type": "Personal Care", "Sales Channel": "Online", "Order Priority": "M", "Order Date": "2019-12-15", "Order ID": "501584210", "Ship Date": "2020-01-25", "Units Sold": 8185.0, "Unit Price": 171.87, "Unit Cost": 175.5, "Total Revenue": 1406755.95, "Total Cost": 1436467.5, "Total Profit": "-29711,55", "ItemID": "MTUNIPER0047UN", "Supplier": "Health-US", "SuplierRegion": "United States of America", "SuplierCountry": "North America"}, {"Region": "Asia", "Country": "India", "Item Type": "Cosmetics", "Sales Channel": "Online", "Order Priority": "M", "Order Date": "2021-03-03", "Order ID": "829217089", "Ship Date": "2023-08-08", "Units Sold": 5144.0, "Unit Price": 154.75, "Unit Cost": 161.51, "Total Revenue": 796034.0, "Total Cost": 830807.44, "Total Profit": "-34773,44", "ItemID": "EFINLCOS0064ES", "Supplier": "Beauty-ESP", "SuplierRegion": "Europe", "SuplierCountry": "Spain"}, {"Region": "Asia", "Country": "Singapore", "Item Type": "Vegetables", "Sales Channel": "Online", "Order Priority": "M", "Order Date": "2017-09-22", "Order ID": "928331592", "Ship Date": "2021-12-22", "Units Sold": 4051.0, "Unit Price": 250.48, "Unit Cost": 182.08, "Total Revenue": 1014694.48, "Total Cost": 737606.08, "Total Profit": 277088.4, "ItemID": "MYEMEVEG0050EN", "Supplier": "Edeka-NL", "SuplierRegion": "Europe", "SuplierCountry": "Netherlands"}, {"Region": "Europe", "Country": "Macedonia", "Item Type": "Snacks", "Sales Channel": "Offline", "Order Priority": "H", "Order Date": "2020-05-15", "Order ID": "927673649", "Ship Date": "2022-05-18", "Units Sold": 1632.0, "Unit Price": 183.1, "Unit Cost": 91.59, "Total Revenue": 298819.2, "Total Cost": 149474.88, "Total Profit": 149344.32, "ItemID": "ASINGSNA0020UE", "Supplier": "Edeka-UK", "SuplierRegion": "United Kingdom", "SuplierCountry": "Europe"}, {"Region": "Europe", "Country": "Portugal", "Item Type": "Vegetables", "Sales Channel": "Offline", "Order Priority": "L", "Order Date": "2015-05-18", "Order ID": "115427865", "Ship Date": "2018-03-14", "Units Sold": 1639.0, "Unit Price": 250.48, "Unit Cost": 182.08, "Total Revenue": 410536.72, "Total Cost": 298429.12, "Total Profit": 112107.6, "ItemID": "MYEMEVEG0050EN", "Supplier": "Edeka-NL", "SuplierRegion": "Europe", "SuplierCountry": "Netherlands"}, {"Region": "Central America and the Caribbean", "Country": "Guatemala", "Item Type": "Meat", "Sales Channel": "Offline", "Order Priority": "M", "Order Date": "2016-06-09", "Order ID": "614888879", "Ship Date": "2021-12-13", "Units Sold": 9861.0, "Unit Price": 345.95, "Unit Cost": 309.99, "Total Revenue": 3411412.95, "Total Cost": 3056811.39, "Total Profit": 354601.56, "ItemID": "ATHAIMEA0024UE", "Supplier": "Fegro-UK", "SuplierRegion": "United Kingdom", "SuplierCountry": "Europe"}, {"Region": "Central America and the Caribbean", "Country": "Haiti", "Item Type": "Cosmetics", "Sales Channel": "Online", "Order Priority": "L", "Order Date": "2021-06-11", "Order ID": "317013819", "Ship Date": "2023-01-01", "Units Sold": 9113.0, "Unit Price": 242.36, "Unit Cost": 178.69, "Total Revenue": 2208626.68, "Total Cost": 1628401.97, "Total Profit": 580224.71, "ItemID": "MAFGHCOS0028MT", "Supplier": "Beauty-TUR", "SuplierRegion": "Middle East and North Africa", "SuplierCountry": "Turkey"}, {"Region": "Asia", "Country": "Uzbekistan", "Item Type": "Baby Food", "Sales Channel": "Online", "Order Priority": "L", "Order Date": "2010-09-10", "Order ID": "157731949", "Ship Date": "2019-03-22", "Units Sold": 4245.0, "Unit Price": 221.44, "Unit Cost": 173.45, "Total Revenue": 940012.8, "Total Cost": 736295.25, "Total Profit": 203717.55, "ItemID": "MAZERBAB0030MT", "Supplier": "Hipp-TUR", "SuplierRegion": "Middle East and North Africa", "SuplierCountry": "Turkey"}, {"Region": "Middle East and North Africa", "Country": "Qatar", "Item Type": "Baby Food", "Sales Channel": "Offline", "Order Priority": "M", "Order Date": "2021-09-27", "Order ID": "771250852", "Ship Date": "2023-09-14", "Units Sold": 7137.0, "Unit Price": 230.92, "Unit Cost": 181.07, "Total Revenue": 1648076.04, "Total Cost": 1292296.59, "Total Profit": 355779.45, "ItemID": "EAUSTBAB0054EN", "Supplier": "Hipp-NL", "SuplierRegion": "Europe", "SuplierCountry": "Netherlands"}, {"Region": "Sub-Saharan Africa", "Country": "Mauritius ", "Item Type": "Snacks", "Sales Channel": "Offline", "Order Priority": "C", "Order Date": "2015-09-18", "Order ID": "961800879", "Ship Date": "2016-09-15", "Units Sold": 1699.0, "Unit Price": 169.36, "Unit Cost": 87.7, "Total Revenue": 287742.64, "Total Cost": 149002.3, "Total Profit": 138740.34, "ItemID": "AJAPASNA0008GE", "Supplier": "Edeka-DE", "SuplierRegion": "Germany", "SuplierCountry": "Europe"}, {"Region": "Middle East and North Africa", "Country": "Saudi Arabia", "Item Type": "Meat", "Sales Channel": "Online", "Order Priority": "M", "Order Date": "2016-08-01", "Order ID": "582793453", "Ship Date": "2017-10-16", "Units Sold": 8875.0, "Unit Price": 220.55, "Unit Cost": 176.55, "Total Revenue": 1957381.25, "Total Cost": 1566881.25, "Total Profit": 390500.0, "ItemID": "EITALMEA0072ES", "Supplier": "Fegro-ESP", "SuplierRegion": "Europe", "SuplierCountry": "Spain"}, {"Region": "Sub-Saharan Africa", "Country": "Cape Verde", "Item Type": "Snacks", "Sales Channel": "Offline", "Order Priority": "L", "Order Date": "2018-07-20", "Order ID": "575182611", "Ship Date": "2020-03-21", "Units Sold": 1637.0, "Unit Price": 183.1, "Unit Cost": 91.59, "Total Revenue": 299734.7, "Total Cost": 149932.83, "Total Profit": 149801.87, "ItemID": "ASINGSNA0020UE", "Supplier": "Edeka-UK", "SuplierRegion": "United Kingdom", "SuplierCountry": "Europe"}, {"Region": "Sub-Saharan Africa", "Country": "Mali", "Item Type": "Snacks", "Sales Channel": "Offline", "Order Priority": "M", "Order Date": "2010-09-24", "Order ID": "288819678", "Ship Date": "2022-07-06", "Units Sold": 9991.0, "Unit Price": 256.5, "Unit Cost": 145.67, "Total Revenue": 2562691.5, "Total Cost": 1455388.97, "Total Profit": 1107302.53, "ItemID": "MSAUDSNA0044UN", "Supplier": "Edeka-US", "SuplierRegion": "United States of America", "SuplierCountry": "North America"}, {"Region": "Asia", "Country": "Malaysia", "Item Type": "Office Supplies", "Sales Channel": "Offline", "Order Priority": "C", "Order Date": "2023-04-15", "Order ID": "613181217", "Ship Date": "2023-08-14", "Units Sold": 5972.0, "Unit Price": 664.23, "Unit Cost": 585.79, "Total Revenue": 3966781.56, "Total Cost": 3498337.88, "Total Profit": 468443.68, "ItemID": "ABANGOFF0001GE", "Supplier": "Staples-DE", "SuplierRegion": "Germany", "SuplierCountry": "Europe"}, {"Region": "Europe", "Country": "Iceland", "Item Type": "Household", "Sales Channel": "Offline", "Order Priority": "L", "Order Date": "2012-10-11", "Order ID": "162493809", "Ship Date": "2015-10-07", "Units Sold": 8649.0, "Unit Price": 628.17, "Unit Cost": 452.29, "Total Revenue": 5433042.33, "Total Cost": 3911856.21, "Total Profit": 1521186.12, "ItemID": "ATAIWHOU0022UE", "Supplier": "Wholesale-UK", "SuplierRegion": "United Kingdom", "SuplierCountry": "Europe"}, {"Region": "Europe", "Country": "Spain", "Item Type": "Personal Care", "Sales Channel": "Offline", "Order Priority": "C", "Order Date": "2021-10-15", "Order ID": "880594290", "Ship Date": "2022-08-24", "Units Sold": 9119.0, "Unit Price": 171.87, "Unit Cost": 175.5, "Total Revenue": 1567282.53, "Total Cost": 1600384.5, "Total Profit": "-33101,97", "ItemID": "MTUNIPER0047UN", "Supplier": "Health-US", "SuplierRegion": "United States of America", "SuplierCountry": "North America"}, {"Region": "Central America and the Caribbean", "Country": "Haiti", "Item Type": "Cosmetics", "Sales Channel": "Offline", "Order Priority": "M", "Order Date": "2016-07-20", "Order ID": "740165164", "Ship Date": "2017-10-19", "Units Sold": 5513.0, "Unit Price": 341.02, "Unit Cost": 229.1, "Total Revenue": 1880043.26, "Total Cost": 1263028.3, "Total Profit": 617014.96, "ItemID": "ACAMBCOS0004GE", "Supplier": "Beauty-DE", "SuplierRegion": "Germany", "SuplierCountry": "Europe"}, {"Region": "Sub-Saharan Africa", "Country": "Kenya", "Item Type": "Personal Care", "Sales Channel": "Offline", "Order Priority": "M", "Order Date": "2016-05-17", "Order ID": "201800446", "Ship Date": "2021-04-17", "Units Sold": 7991.0, "Unit Price": 156.05, "Unit Cost": 160.47, "Total Revenue": 1246995.55, "Total Cost": 1282315.77, "Total Profit": "-35320,22", "ItemID": "ECROAPER0059EN", "Supplier": "Health-NL", "SuplierRegion": "Europe", "SuplierCountry": "Netherlands"}, {"Region": "Europe", "Country": "Netherlands", "Item Type": "Baby Food", "Sales Channel": "Online", "Order Priority": "M", "Order Date": "2015-01-26", "Order ID": "821595172", "Ship Date": "2022-09-15", "Units Sold": 3747.0, "Unit Price": 288.47, "Unit Cost": 119.57, "Total Revenue": 1080897.09, "Total Cost": 448028.79, "Total Profit": 632868.3, "ItemID": "AINDIBAB0006GE", "Supplier": "Hipp-DE", "SuplierRegion": "Germany", "SuplierCountry": "Europe"}, {"Region": "Australia and Oceania", "Country": "New Zealand", "Item Type": "Meat", "Sales Channel": "Online", "Order Priority": "L", "Order Date": "2023-07-06", "Order ID": "715257520", "Ship Date": "2023-09-10", "Units Sold": 2003.0, "Unit Price": 345.95, "Unit Cost": 309.99, "Total Revenue": 692937.85, "Total Cost": 620909.97, "Total Profit": 72027.88, "ItemID": "ATHAIMEA0024UE", "Supplier": "Fegro-UK", "SuplierRegion": "United Kingdom", "SuplierCountry": "Europe"}, {"Region": "Asia", "Country": "Kazakhstan", "Item Type": "Vegetables", "Sales Channel": "Offline", "Order Priority": "M", "Order Date": "2015-09-26", "Order ID": "820920740", "Ship Date": "2018-02-18", "Units Sold": 9016.0, "Unit Price": 212.19, "Unit Cost": 178.99, "Total Revenue": 1913105.04, "Total Cost": 1613773.84, "Total Profit": 299331.2, "ItemID": "EDENMVEG0062ES", "Supplier": "Edeka-ESP", "SuplierRegion": "Europe", "SuplierCountry": "Spain"}, {"Region": "Europe", "Country": "Estonia", "Item Type": "Household", "Sales Channel": "Offline", "Order Priority": "L", "Order Date": "2017-06-03", "Order ID": "941382997", "Ship Date": "2021-04-12", "Units Sold": 3070.0, "Unit Price": 628.17, "Unit Cost": 452.29, "Total Revenue": 1928481.9, "Total Cost": 1388530.3, "Total Profit": 539951.6, "ItemID": "ATAIWHOU0022UE", "Supplier": "Wholesale-UK", "SuplierRegion": "United Kingdom", "SuplierCountry": "Europe"}, {"Region": "Sub-Saharan Africa", "Country": "Rwanda", "Item Type": "Snacks", "Sales Channel": "Offline", "Order Priority": "L", "Order Date": "2018-07-16", "Order ID": "583100726", "Ship Date": "2021-07-08", "Units Sold": 9483.0, "Unit Price": 169.36, "Unit Cost": 87.7, "Total Revenue": 1606040.88, "Total Cost": 831659.1, "Total Profit": 774381.78, "ItemID": "AJAPASNA0008GE", "Supplier": "Edeka-DE", "SuplierRegion": "Germany", "SuplierCountry": "Europe"}, {"Region": "Europe", "Country": "Russia", "Item Type": "Cereal", "Sales Channel": "Offline", "Order Priority": "M", "Order Date": "2017-01-08", "Order ID": "218818512", "Ship Date": "2022-12-11", "Units Sold": 5603.0, "Unit Price": 170.73, "Unit Cost": 104.23, "Total Revenue": 956600.19, "Total Cost": 584000.69, "Total Profit": 372599.5, "ItemID": "ACHINCER0005GE", "Supplier": "Rewe-DE", "SuplierRegion": "Germany", "SuplierCountry": "Europe"}, {"Region": "Europe", "Country": "Ukraine", "Item Type": "Household", "Sales Channel": "Online", "Order Priority": "C", "Order Date": "2011-04-07", "Order ID": "240093948", "Ship Date": "2015-12-12", "Units Sold": 5812.0, "Unit Price": 170.86, "Unit Cost": 172.13, "Total Revenue": 993038.32, "Total Cost": 1000419.56, "Total Profit": "-7381,24", "ItemID": "EBULGHOU0058EN", "Supplier": "Wholesale-NL", "SuplierRegion": "Europe", "SuplierCountry": "Netherlands"}, {"Region": "Middle East and North Africa", "Country": "Azerbaijan", "Item Type": "Baby Food", "Sales Channel": "Online", "Order Priority": "L", "Order Date": "2015-05-27", "Order ID": "950235936", "Ship Date": "2022-03-25", "Units Sold": 6519.0, "Unit Price": 201.67, "Unit Cost": 140.29, "Total Revenue": 1314686.73, "Total Cost": 914550.51, "Total Profit": 400136.22, "ItemID": "ANEPABAB0018UE", "Supplier": "Hipp-UK", "SuplierRegion": "United Kingdom", "SuplierCountry": "Europe"}, {"Region": "Australia and Oceania", "Country": "Tonga", "Item Type": "Meat", "Sales Channel": "Offline", "Order Priority": "L", "Order Date": "2012-12-05", "Order ID": "124393181", "Ship Date": "2017-01-09", "Units Sold": 1168.0, "Unit Price": 493.61, "Unit Cost": 328.22, "Total Revenue": 576536.48, "Total Cost": 383360.96, "Total Profit": 193175.52, "ItemID": "AKYRGMEA0012GE", "Supplier": "Fegro-DE", "SuplierRegion": "Germany", "SuplierCountry": "Europe"}, {"Region": "Europe", "Country": "Poland", "Item Type": "Meat", "Sales Channel": "Online", "Order Priority": "C", "Order Date": "2023-06-20", "Order ID": "657036008", "Ship Date": "2023-06-21", "Units Sold": 5231.0, "Unit Price": 232.52, "Unit Cost": 156.21, "Total Revenue": 1216312.12, "Total Cost": 817134.51, "Total Profit": 399177.61, "ItemID": "MTURKMEA0048UN", "Supplier": "Fegro-US", "SuplierRegion": "United States of America", "SuplierCountry": "North America"}, {"Region": "Europe", "Country": "Moldova ", "Item Type": "Office Supplies", "Sales Channel": "Online", "Order Priority": "L", "Order Date": "2022-11-15", "Order ID": "623967395", "Ship Date": "2023-09-19", "Units Sold": 1214.0, "Unit Price": 213.85, "Unit Cost": 156.42, "Total Revenue": 259613.9, "Total Cost": 189893.88, "Total Profit": 69720.02, "ItemID": "MUNITOFF0049EN", "Supplier": "Staples-NL", "SuplierRegion": "Europe", "SuplierCountry": "Netherlands"}, {"Region": "Central America and the Caribbean", "Country": "Saint Vincent and the Grenadines", "Item Type": "Snacks", "Sales Channel": "Online", "Order Priority": "L", "Order Date": "2014-04-12", "Order ID": "778673939", "Ship Date": "2021-12-23", "Units Sold": 3653.0, "Unit Price": 251.34, "Unit Cost": 173.93, "Total Revenue": 918145.02, "Total Cost": 635366.29, "Total Profit": 282778.73, "ItemID": "MEGYPSNA0032MT", "Supplier": "Edeka-TUR", "SuplierRegion": "Middle East and North Africa", "SuplierCountry": "Turkey"}, {"Region": "Middle East and North Africa", "Country": "Yemen", "Item Type": "Cosmetics", "Sales Channel": "Offline", "Order Priority": "C", "Order Date": "2021-05-07", "Order ID": "195723398", "Ship Date": "2021-05-08", "Units Sold": 4116.0, "Unit Price": 341.02, "Unit Cost": 229.1, "Total Revenue": 1403638.32, "Total Cost": 942975.6, "Total Profit": 460662.72, "ItemID": "ACAMBCOS0004GE", "Supplier": "Beauty-DE", "SuplierRegion": "Germany", "SuplierCountry": "Europe"}, {"Region": "Europe", "Country": "Bosnia and Herzegovina", "Item Type": "Cereal", "Sales Channel": "Online", "Order Priority": "H", "Order Date": "2018-07-01", "Order ID": "755368083", "Ship Date": "2019-10-08", "Units Sold": 6200.0, "Unit Price": 130.4, "Unit Cost": 183.69, "Total Revenue": 808480.0, "Total Cost": 1138878.0, "Total Profit": "-330398,00", "ItemID": "EFRANCER0065ES", "Supplier": "Rewe-ESP", "SuplierRegion": "Europe", "SuplierCountry": "Spain"}, {"Region": "Middle East and North Africa", "Country": "Israel", "Item Type": "Baby Food", "Sales Channel": "Online", "Order Priority": "H", "Order Date": "2014-05-19", "Order ID": "564593591", "Ship Date": "2015-03-21", "Units Sold": 535.0, "Unit Price": 201.67, "Unit Cost": 140.29, "Total Revenue": 107893.45, "Total Cost": 75055.15, "Total Profit": 32838.3, "ItemID": "ANEPABAB0018UE", "Supplier": "Hipp-UK", "SuplierRegion": "United Kingdom", "SuplierCountry": "Europe"}, {"Region": "Middle East and North Africa", "Country": "Oman", "Item Type": "Meat", "Sales Channel": "Online", "Order Priority": "H", "Order Date": "2015-12-15", "Order ID": "419217137", "Ship Date": "2022-09-23", "Units Sold": 9784.0, "Unit Price": 232.52, "Unit Cost": 156.21, "Total Revenue": 2274975.68, "Total Cost": 1528358.64, "Total Profit": 746617.04, "ItemID": "MTURKMEA0048UN", "Supplier": "Fegro-US", "SuplierRegion": "United States of America", "SuplierCountry": "North America"}, {"Region": "Asia", "Country": "Singapore", "Item Type": "Vegetables", "Sales Channel": "Offline", "Order Priority": "L", "Order Date": "2020-08-19", "Order ID": "953744939", "Ship Date": "2021-02-16", "Units Sold": 3638.0, "Unit Price": 216.09, "Unit Cost": 179.19, "Total Revenue": 786135.42, "Total Cost": 651893.22, "Total Profit": 134242.2, "ItemID": "MLEBAVEG0038UN", "Supplier": "Edeka-US", "SuplierRegion": "United States of America", "SuplierCountry": "North America"}, {"Region": "Europe", "Country": "Monaco", "Item Type": "Cosmetics", "Sales Channel": "Online", "Order Priority": "C", "Order Date": "2019-12-13", "Order ID": "856755950", "Ship Date": "2023-06-17", "Units Sold": 3821.0, "Unit Price": 172.09, "Unit Cost": 154.56, "Total Revenue": 657555.89, "Total Cost": 590573.76, "Total Profit": 66982.13, "ItemID": "MMOROCOS0040UN", "Supplier": "Beauty-US", "SuplierRegion": "United States of America", "SuplierCountry": "North America"}, {"Region": "Middle East and North Africa", "Country": "Kuwait", "Item Type": "Personal Care", "Sales Channel": "Online", "Order Priority": "C", "Order Date": "2017-06-14", "Order ID": "152002815", "Ship Date": "2020-08-14", "Units Sold": 9087.0, "Unit Price": 71.11, "Unit Cost": 52.14, "Total Revenue": 646176.57, "Total Cost": 473796.18, "Total Profit": 172380.39, "ItemID": "ATAJIPER0023UE", "Supplier": "Health-UK", "SuplierRegion": "United Kingdom", "SuplierCountry": "Europe"}, {"Region": "Middle East and North Africa", "Country": "United Arab Emirates", "Item Type": "Vegetables", "Sales Channel": "Online", "Order Priority": "H", "Order Date": "2014-02-28", "Order ID": "325441663", "Ship Date": "2017-07-28", "Units Sold": 224.0, "Unit Price": 250.48, "Unit Cost": 182.08, "Total Revenue": 56107.52, "Total Cost": 40785.92, "Total Profit": 15321.6, "ItemID": "MYEMEVEG0050EN", "Supplier": "Edeka-NL", "SuplierRegion": "Europe", "SuplierCountry": "Netherlands"}, {"Region": "Sub-Saharan Africa", "Country": "Tanzania", "Item Type": "Fruits", "Sales Channel": "Offline", "Order Priority": "C", "Order Date": "2013-12-01", "Order ID": "429508501", "Ship Date": "2015-12-30", "Units Sold": 5047.0, "Unit Price": 284.19, "Unit Cost": 172.75, "Total Revenue": 1434306.93, "Total Cost": 871869.25, "Total Profit": 562437.68, "ItemID": "AVIETFRU0027MT", "Supplier": "Penny-TUR", "SuplierRegion": "Middle East and North Africa", "SuplierCountry": "Turkey"}, {"Region": "Middle East and North Africa", "Country": "Tunisia ", "Item Type": "Cereal", "Sales Channel": "Offline", "Order Priority": "M", "Order Date": "2012-05-19", "Order ID": "470365108", "Ship Date": "2012-06-18", "Units Sold": 3407.0, "Unit Price": 274.76, "Unit Cost": 150.38, "Total Revenue": 936107.32, "Total Cost": 512344.66, "Total Profit": 423762.66, "ItemID": "MALGECER0029MT", "Supplier": "Rewe-TUR", "SuplierRegion": "Middle East and North Africa", "SuplierCountry": "Turkey"}, {"Region": "Sub-Saharan Africa", "Country": "South Africa", "Item Type": "Personal Care", "Sales Channel": "Online", "Order Priority": "H", "Order Date": "2012-04-02", "Order ID": "664495121", "Ship Date": "2020-10-17", "Units Sold": 2182.0, "Unit Price": 171.87, "Unit Cost": 175.5, "Total Revenue": 375020.34, "Total Cost": 382941.0, "Total Profit": "-7920,66", "ItemID": "MTUNIPER0047UN", "Supplier": "Health-US", "SuplierRegion": "United States of America", "SuplierCountry": "North America"}, {"Region": "Middle East and North Africa", "Country": "Kuwait", "Item Type": "Household", "Sales Channel": "Online", "Order Priority": "L", "Order Date": "2021-10-29", "Order ID": "263630498", "Ship Date": "2022-09-25", "Units Sold": 285.0, "Unit Price": 628.17, "Unit Cost": 452.29, "Total Revenue": 179028.45, "Total Cost": 128902.65, "Total Profit": 50125.8, "ItemID": "ATAIWHOU0022UE", "Supplier": "Wholesale-UK", "SuplierRegion": "United Kingdom", "SuplierCountry": "Europe"}, {"Region": "Asia", "Country": "North Korea", "Item Type": "Cosmetics", "Sales Channel": "Online", "Order Priority": "L", "Order Date": "2020-01-02", "Order ID": "944326699", "Ship Date": "2020-08-18", "Units Sold": 3656.0, "Unit Price": 242.36, "Unit Cost": 178.69, "Total Revenue": 886068.16, "Total Cost": 653290.64, "Total Profit": 232777.52, "ItemID": "MAFGHCOS0028MT", "Supplier": "Beauty-TUR", "SuplierRegion": "Middle East and North Africa", "SuplierCountry": "Turkey"}, {"Region": "Middle East and North Africa", "Country": "Algeria", "Item Type": "Cereal", "Sales Channel": "Offline", "Order Priority": "L", "Order Date": "2018-08-20", "Order ID": "929296964", "Ship Date": "2020-06-26", "Units Sold": 271.0, "Unit Price": 158.39, "Unit Cost": 106.57, "Total Revenue": 42923.69, "Total Cost": 28880.47, "Total Profit": 14043.22, "ItemID": "AMYANCER0017UE", "Supplier": "Rewe-UK", "SuplierRegion": "United Kingdom", "SuplierCountry": "Europe"}, {"Region": "Central America and the Caribbean", "Country": "Guatemala", "Item Type": "Fruits", "Sales Channel": "Online", "Order Priority": "L", "Order Date": "2012-05-24", "Order ID": "275450904", "Ship Date": "2015-01-06", "Units Sold": 5134.0, "Unit Price": 8.77, "Unit Cost": 5.47, "Total Revenue": 45025.18, "Total Cost": 28082.98, "Total Profit": 16942.2, "ItemID": "ABRUNFRU0003GE", "Supplier": "Penny-DE", "SuplierRegion": "Germany", "SuplierCountry": "Europe"}, {"Region": "Europe", "Country": "Malta", "Item Type": "Clothes", "Sales Channel": "Offline", "Order Priority": "H", "Order Date": "2023-07-11", "Order ID": "900024049", "Ship Date": "2023-07-17", "Units Sold": 5280.0, "Unit Price": 128.95, "Unit Cost": 27.24, "Total Revenue": 680856.0, "Total Cost": 143827.2, "Total Profit": 537028.8, "ItemID": "ASRI CLO0021UE", "Supplier": "H&M-UK", "SuplierRegion": "United Kingdom", "SuplierCountry": "Europe"}, {"Region": "Australia and Oceania", "Country": "Samoa ", "Item Type": "Office Supplies", "Sales Channel": "Offline", "Order Priority": "L", "Order Date": "2012-10-22", "Order ID": "308677028", "Ship Date": "2013-11-15", "Units Sold": 4778.0, "Unit Price": 258.33, "Unit Cost": 147.67, "Total Revenue": 1234300.74, "Total Cost": 705567.26, "Total Profit": 528733.48, "ItemID": "ATURKOFF0025MT", "Supplier": "Staples-TUR", "SuplierRegion": "Middle East and North Africa", "SuplierCountry": "Turkey"}, {"Region": "Central America and the Caribbean", "Country": "Antigua and Barbuda ", "Item Type": "Meat", "Sales Channel": "Offline", "Order Priority": "C", "Order Date": "2023-02-18", "Order ID": "423011581", "Ship Date": "2023-03-12", "Units Sold": 9726.0, "Unit Price": 213.2, "Unit Cost": 158.69, "Total Revenue": 2073583.2, "Total Cost": 1543418.94, "Total Profit": 530164.26, "ItemID": "ECYPRMEA0060EN", "Supplier": "Fegro-NL", "SuplierRegion": "Europe", "SuplierCountry": "Netherlands"}, {"Region": "Sub-Saharan Africa", "Country": "Mozambique", "Item Type": "Beverages", "Sales Channel": "Online", "Order Priority": "L", "Order Date": "2010-11-26", "Order ID": "630540012", "Ship Date": "2015-05-25", "Units Sold": 3253.0, "Unit Price": 51.25, "Unit Cost": 25.75, "Total Revenue": 166716.25, "Total Cost": 83764.75, "Total Profit": 82951.5, "ItemID": "APHILBEV0019UE", "Supplier": "WIFA-UK", "SuplierRegion": "United Kingdom", "SuplierCountry": "Europe"}, {"Region": "Europe", "Country": "France", "Item Type": "Snacks", "Sales Channel": "Offline", "Order Priority": "L", "Order Date": "2014-08-11", "Order ID": "969055511", "Ship Date": "2018-04-14", "Units Sold": 522.0, "Unit Price": 251.34, "Unit Cost": 173.93, "Total Revenue": 131199.48, "Total Cost": 90791.46, "Total Profit": 40408.02, "ItemID": "MEGYPSNA0032MT", "Supplier": "Edeka-TUR", "SuplierRegion": "Middle East and North Africa", "SuplierCountry": "Turkey"}, {"Region": "Asia", "Country": "Maldives", "Item Type": "Office Supplies", "Sales Channel": "Offline", "Order Priority": "H", "Order Date": "2014-10-31", "Order ID": "485429108", "Ship Date": "2017-07-06", "Units Sold": 3724.0, "Unit Price": 664.23, "Unit Cost": 585.79, "Total Revenue": 2473592.52, "Total Cost": 2181481.96, "Total Profit": 292110.56, "ItemID": "ABANGOFF0001GE", "Supplier": "Staples-DE", "SuplierRegion": "Germany", "SuplierCountry": "Europe"}, {"Region": "Sub-Saharan Africa", "Country": "Senegal", "Item Type": "Clothes", "Sales Channel": "Offline", "Order Priority": "M", "Order Date": "2012-09-14", "Order ID": "540749175", "Ship Date": "2021-04-22", "Units Sold": 7083.0, "Unit Price": 192.47, "Unit Cost": 176.61, "Total Revenue": 1363265.01, "Total Cost": 1250928.63, "Total Profit": 112336.38, "ItemID": "EHUNGCLO0069ES", "Supplier": "H&M-ESP", "SuplierRegion": "Europe", "SuplierCountry": "Spain"}, {"Region": "Sub-Saharan Africa", "Country": "Zimbabwe", "Item Type": "Baby Food", "Sales Channel": "Online", "Order Priority": "L", "Order Date": "2013-09-29", "Order ID": "351148202", "Ship Date": "2018-09-12", "Units Sold": 1854.0, "Unit Price": 288.47, "Unit Cost": 119.57, "Total Revenue": 534823.38, "Total Cost": 221682.78, "Total Profit": 313140.6, "ItemID": "AINDIBAB0006GE", "Supplier": "Hipp-DE", "SuplierRegion": "Germany", "SuplierCountry": "Europe"}, {"Region": "Europe", "Country": "Ireland", "Item Type": "Office Supplies", "Sales Channel": "Offline", "Order Priority": "L", "Order Date": "2012-10-14", "Order ID": "173452651", "Ship Date": "2014-02-09", "Units Sold": 1323.0, "Unit Price": 266.15, "Unit Cost": 182.8, "Total Revenue": 352116.45, "Total Cost": 241844.4, "Total Profit": 110272.05, "ItemID": "MKUWAOFF0037UN", "Supplier": "Staples-US", "SuplierRegion": "United States of America", "SuplierCountry": "North America"}, {"Region": "Sub-Saharan Africa", "Country": "The Gambia", "Item Type": "Vegetables", "Sales Channel": "Offline", "Order Priority": "C", "Order Date": "2020-03-04", "Order ID": "512412003", "Ship Date": "2020-06-09", "Units Sold": 5807.0, "Unit Price": 146.36, "Unit Cost": 70.93, "Total Revenue": 849912.52, "Total Cost": 411890.51, "Total Profit": 438022.01, "ItemID": "AMALAVEG0014UE", "Supplier": "Edeka-UK", "SuplierRegion": "United Kingdom", "SuplierCountry": "Europe"}, {"Region": "Europe", "Country": "Romania", "Item Type": "Baby Food", "Sales Channel": "Online", "Order Priority": "H", "Order Date": "2016-05-07", "Order ID": "782508391", "Ship Date": "2022-10-01", "Units Sold": 7656.0, "Unit Price": 221.44, "Unit Cost": 173.45, "Total Revenue": 1695344.64, "Total Cost": 1327933.2, "Total Profit": 367411.44, "ItemID": "MAZERBAB0030MT", "Supplier": "Hipp-TUR", "SuplierRegion": "Middle East and North Africa", "SuplierCountry": "Turkey"}, {"Region": "Europe", "Country": "Austria", "Item Type": "Household", "Sales Channel": "Online", "Order Priority": "C", "Order Date": "2022-03-11", "Order ID": "524138330", "Ship Date": "2023-10-01", "Units Sold": 6248.0, "Unit Price": 628.17, "Unit Cost": 452.29, "Total Revenue": 3924806.16, "Total Cost": 2825907.92, "Total Profit": 1098898.24, "ItemID": "ATAIWHOU0022UE", "Supplier": "Wholesale-UK", "SuplierRegion": "United Kingdom", "SuplierCountry": "Europe"}, {"Region": "Australia and Oceania", "Country": "Australia", "Item Type": "Clothes", "Sales Channel": "Online", "Order Priority": "L", "Order Date": "2017-01-02", "Order ID": "561107903", "Ship Date": "2021-08-19", "Units Sold": 2995.0, "Unit Price": 128.95, "Unit Cost": 27.24, "Total Revenue": 386205.25, "Total Cost": 81583.8, "Total Profit": 304621.45, "ItemID": "ASRI CLO0021UE", "Supplier": "H&M-UK", "SuplierRegion": "United Kingdom", "SuplierCountry": "Europe"}, {"Region": "Europe", "Country": "Monaco", "Item Type": "Personal Care", "Sales Channel": "Offline", "Order Priority": "H", "Order Date": "2011-08-23", "Order ID": "620177578", "Ship Date": "2012-06-21", "Units Sold": 6340.0, "Unit Price": 171.87, "Unit Cost": 175.5, "Total Revenue": 1089655.8, "Total Cost": 1112670.0, "Total Profit": "-23014,20", "ItemID": "MTUNIPER0047UN", "Supplier": "Health-US", "SuplierRegion": "United States of America", "SuplierCountry": "North America"}, {"Region": "Sub-Saharan Africa", "Country": "Liberia", "Item Type": "Personal Care", "Sales Channel": "Online", "Order Priority": "C", "Order Date": "2023-07-16", "Order ID": "186617130", "Ship Date": "2023-10-15", "Units Sold": 6756.0, "Unit Price": 197.58, "Unit Cost": 189.14, "Total Revenue": 1334850.48, "Total Cost": 1277829.84, "Total Profit": 57020.64, "ItemID": "EIRELPER0071ES", "Supplier": "Health-ESP", "SuplierRegion": "Europe", "SuplierCountry": "Spain"}, {"Region": "Europe", "Country": "Germany", "Item Type": "Fruits", "Sales Channel": "Online", "Order Priority": "M", "Order Date": "2015-08-20", "Order ID": "699260709", "Ship Date": "2021-06-19", "Units Sold": 1748.0, "Unit Price": 183.5, "Unit Cost": 160.75, "Total Revenue": 320758.0, "Total Cost": 280991.0, "Total Profit": 39767.0, "ItemID": "EALBAFRU0051EN", "Supplier": "Penny-NL", "SuplierRegion": "Europe", "SuplierCountry": "Netherlands"}, {"Region": "Europe", "Country": "Ireland", "Item Type": "Baby Food", "Sales Channel": "Online", "Order Priority": "H", "Order Date": "2022-10-21", "Order ID": "504578418", "Ship Date": "2023-05-16", "Units Sold": 852.0, "Unit Price": 256.84, "Unit Cost": 154.97, "Total Revenue": 218827.68, "Total Cost": 132034.44, "Total Profit": 86793.24, "ItemID": "MPAKIBAB0042UN", "Supplier": "Hipp-US", "SuplierRegion": "United States of America", "SuplierCountry": "North America"}, {"Region": "Europe", "Country": "Spain", "Item Type": "Office Supplies", "Sales Channel": "Offline", "Order Priority": "L", "Order Date": "2019-12-12", "Order ID": "581564431", "Ship Date": "2022-11-28", "Units Sold": 635.0, "Unit Price": 696.79, "Unit Cost": 493.46, "Total Revenue": 442461.65, "Total Cost": 313347.1, "Total Profit": 129114.55, "ItemID": "ALAOSOFF0013UE", "Supplier": "Staples-UK", "SuplierRegion": "United Kingdom", "SuplierCountry": "Europe"}, {"Region": "Middle East and North Africa", "Country": "Somalia", "Item Type": "Beverages", "Sales Channel": "Online", "Order Priority": "L", "Order Date": "2018-06-07", "Order ID": "108299333", "Ship Date": "2018-10-08", "Units Sold": 9697.0, "Unit Price": 183.43, "Unit Cost": 154.6, "Total Revenue": 1778720.71, "Total Cost": 1499156.2, "Total Profit": 279564.51, "ItemID": "MBAHRBEV0031MT", "Supplier": "WIFA-TUR", "SuplierRegion": "Middle East and North Africa", "SuplierCountry": "Turkey"}, {"Region": "Europe", "Country": "Vatican City", "Item Type": "Cosmetics", "Sales Channel": "Online", "Order Priority": "H", "Order Date": "2012-03-10", "Order ID": "971244057", "Ship Date": "2018-12-07", "Units Sold": 3667.0, "Unit Price": 341.02, "Unit Cost": 229.1, "Total Revenue": 1250520.34, "Total Cost": 840109.7, "Total Profit": 410410.64, "ItemID": "ACAMBCOS0004GE", "Supplier": "Beauty-DE", "SuplierRegion": "Germany", "SuplierCountry": "Europe"}, {"Region": "Middle East and North Africa", "Country": "Egypt", "Item Type": "Household", "Sales Channel": "Online", "Order Priority": "L", "Order Date": "2021-02-08", "Order ID": "948323650", "Ship Date": "2023-06-14", "Units Sold": 205.0, "Unit Price": 641.54, "Unit Cost": 472.39, "Total Revenue": 131515.7, "Total Cost": 96839.95, "Total Profit": 34675.75, "ItemID": "ANORTHOU0010GE", "Supplier": "Wholesale-DE", "SuplierRegion": "Germany", "SuplierCountry": "Europe"}, {"Region": "Europe", "Country": "Hungary", "Item Type": "Cosmetics", "Sales Channel": "Offline", "Order Priority": "C", "Order Date": "2015-11-22", "Order ID": "377474521", "Ship Date": "2022-09-14", "Units Sold": 4005.0, "Unit Price": 172.09, "Unit Cost": 154.56, "Total Revenue": 689220.45, "Total Cost": 619012.8, "Total Profit": 70207.65, "ItemID": "MMOROCOS0040UN", "Supplier": "Beauty-US", "SuplierRegion": "United States of America", "SuplierCountry": "North America"}, {"Region": "Middle East and North Africa", "Country": "Oman", "Item Type": "Fruits", "Sales Channel": "Offline", "Order Priority": "L", "Order Date": "2019-03-06", "Order ID": "202862973", "Ship Date": "2021-05-07", "Units Sold": 1791.0, "Unit Price": 257.04, "Unit Cost": 154.35, "Total Revenue": 460358.64, "Total Cost": 276440.85, "Total Profit": 183917.79, "ItemID": "MLIBYFRU0039UN", "Supplier": "Penny-US", "SuplierRegion": "United States of America", "SuplierCountry": "North America"}, {"Region": "Middle East and North Africa", "Country": "Kuwait", "Item Type": "Personal Care", "Sales Channel": "Offline", "Order Priority": "C", "Order Date": "2010-08-01", "Order ID": "575009786", "Ship Date": "2011-08-15", "Units Sold": 7316.0, "Unit Price": 96.44, "Unit Cost": 43.07, "Total Revenue": 705555.04, "Total Cost": 315100.12, "Total Profit": 390454.92, "ItemID": "ASOUTPER0011GE", "Supplier": "Health-DE", "SuplierRegion": "Germany", "SuplierCountry": "Europe"}, {"Region": "Sub-Saharan Africa", "Country": "Burundi", "Item Type": "Baby Food", "Sales Channel": "Offline", "Order Priority": "M", "Order Date": "2015-03-22", "Order ID": "264038066", "Ship Date": "2019-01-23", "Units Sold": 6367.0, "Unit Price": 230.92, "Unit Cost": 181.07, "Total Revenue": 1470267.64, "Total Cost": 1152872.69, "Total Profit": 317394.95, "ItemID": "EAUSTBAB0054EN", "Supplier": "Hipp-NL", "SuplierRegion": "Europe", "SuplierCountry": "Netherlands"}, {"Region": "Europe", "Country": "Montenegro", "Item Type": "Cosmetics", "Sales Channel": "Online", "Order Priority": "M", "Order Date": "2019-02-18", "Order ID": "147582493", "Ship Date": "2019-11-30", "Units Sold": 1763.0, "Unit Price": 172.09, "Unit Cost": 154.56, "Total Revenue": 303394.67, "Total Cost": 272489.28, "Total Profit": 30905.39, "ItemID": "MMOROCOS0040UN", "Supplier": "Beauty-US", "SuplierRegion": "United States of America", "SuplierCountry": "North America"}, {"Region": "Asia", "Country": "Thailand", "Item Type": "Snacks", "Sales Channel": "Online", "Order Priority": "H", "Order Date": "2021-08-21", "Order ID": "557751065", "S