[{"Region": "Europe", "Country": "Belgium", "Item Type": "Snacks", "Sales Channel": "Offline", "Order Priority": "H", "Order Date": "2014-12-11", "Order ID": "787482288", "Ship Date": "2017-12-24", "Units Sold": 8187.0, "Unit Price": 169.36, "Unit Cost": 87.7, "Total Revenue": 1386550.32, "Total Cost": 717999.9, "Total Profit": 668550.42, "ItemID": "AJAPASNA0008GE", "Supplier": "Edeka-DE", "SuplierRegion": "Germany", "SuplierCountry": "Europe"}, {"Region": "Sub-Saharan Africa", "Country": "Cameroon", "Item Type": "Clothes", "Sales Channel": "Offline", "Order Priority": "H", "Order Date": "2015-11-01", "Order ID": "599103334", "Ship Date": "2020-08-22", "Units Sold": 7655.0, "Unit Price": 192.47, "Unit Cost": 176.61, "Total Revenue": 1473357.85, "Total Cost": 1351949.55, "Total Profit": 121408.3, "ItemID": "EHUNGCLO0069ES", "Supplier": "H&M-ESP", "SuplierRegion": "Europe", "SuplierCountry": "Spain"}, {"Region": "Asia", "Country": "Bhutan", "Item Type": "Office Supplies", "Sales Channel": "Offline", "Order Priority": "L", "Order Date": "2010-08-22", "Order ID": "270348203", "Ship Date": "2012-09-04", "Units Sold": 3135.0, "Unit Price": 664.23, "Unit Cost": 585.79, "Total Revenue": 2082361.05, "Total Cost": 1836451.65, "Total Profit": 245909.4, "ItemID": "ABANGOFF0001GE", "Supplier": "Staples-DE", "SuplierRegion": "Germany", "SuplierCountry": "Europe"}, {"Region": "Europe", "Country": "Georgia", "Item Type": "Office Supplies", "Sales Channel": "Online", "Order Priority": "L", "Order Date": "2011-04-13", "Order ID": "862419627", "Ship Date": "2023-04-19", "Units Sold": 1350.0, "Unit Price": 266.15, "Unit Cost": 182.8, "Total Revenue": 359302.5, "Total Cost": 246780.0, "Total Profit": 112522.5, "ItemID": "MKUWAOFF0037UN", "Supplier": "Staples-US", "SuplierRegion": "United States of America", "SuplierCountry": "North America"}, {"Region": "Middle East and North Africa", "Country": "Lebanon", "Item Type": "Meat", "Sales Channel": "Offline", "Order Priority": "L", "Order Date": "2010-11-11", "Order ID": "229101162", "Ship Date": "2020-01-27", "Units Sold": 6055.0, "Unit Price": 238.37, "Unit Cost": 171.02, "Total Revenue": 1443330.35, "Total Cost": 1035526.1, "Total Profit": 407804.25, "ItemID": "MJORDMEA0036MT", "Supplier": "Fegro-TUR", "SuplierRegion": "Middle East and North Africa", "SuplierCountry": "Turkey"}, {"Region": "Australia and Oceania", "Country": "Kiribati", "Item Type": "Fruits", "Sales Channel": "Online", "Order Priority": "H", "Order Date": "2012-01-12", "Order ID": "845482271", "Ship Date": "2012-09-04", "Units Sold": 3036.0, "Unit Price": 284.19, "Unit Cost": 172.75, "Total Revenue": 862800.84, "Total Cost": 524469.0, "Total Profit": 338331.84, "ItemID": "AVIETFRU0027MT", "Supplier": "Penny-TUR", "SuplierRegion": "Middle East and North Africa", "SuplierCountry": "Turkey"}, {"Region": "Europe", "Country": "Croatia", "Item Type": "Personal Care", "Sales Channel": "Online", "Order Priority": "M", "Order Date": "2011-09-11", "Order ID": "935231732", "Ship Date": "2023-04-09", "Units Sold": 5111.0, "Unit Price": 71.11, "Unit Cost": 52.14, "Total Revenue": 363443.21, "Total Cost": 266487.54, "Total Profit": 96955.67, "ItemID": "ATAJIPER0023UE", "Supplier": "Health-UK", "SuplierRegion": "United Kingdom", "SuplierCountry": "Europe"}, {"Region": "Australia and Oceania", "Country": "Vanuatu", "Item Type": "Fruits", "Sales Channel": "Online", "Order Priority": "C", "Order Date": "2020-06-08", "Order ID": "543082471", "Ship Date": "2021-12-14", "Units Sold": 7128.0, "Unit Price": 200.95, "Unit Cost": 173.25, "Total Revenue": 1432371.6, "Total Cost": 1234926.0, "Total Profit": 197445.6, "ItemID": "EESTOFRU0063ES", "Supplier": "Penny-ESP", "SuplierRegion": "Europe", "SuplierCountry": "Spain"}, {"Region": "Asia", "Country": "Cambodia", "Item Type": "Baby Food", "Sales Channel": "Offline", "Order Priority": "H", "Order Date": "2011-06-06", "Order ID": "129208127", "Ship Date": "2011-09-27", "Units Sold": 967.0, "Unit Price": 221.44, "Unit Cost": 173.45, "Total Revenue": 214132.48, "Total Cost": 167726.15, "Total Profit": 46406.33, "ItemID": "MAZERBAB0030MT", "Supplier": "Hipp-TUR", "SuplierRegion": "Middle East and North Africa", "SuplierCountry": "Turkey"}, {"Region": "Europe", "Country": "Czech Republic", "Item Type": "Clothes", "Sales Channel": "Offline", "Order Priority": "M", "Order Date": "2011-07-06", "Order ID": "331388875", "Ship Date": "2020-11-10", "Units Sold": 539.0, "Unit Price": 211.43, "Unit Cost": 147.81, "Total Revenue": 113960.77, "Total Cost": 79669.59, "Total Profit": 34291.18, "ItemID": "MSOMACLO0045UN", "Supplier": "H&M-US", "SuplierRegion": "United States of America", "SuplierCountry": "North America"}, {"Region": "Middle East and North Africa", "Country": "Somalia", "Item Type": "Vegetables", "Sales Channel": "Online", "Order Priority": "M", "Order Date": "2014-01-08", "Order ID": "328758396", "Ship Date": "2017-08-24", "Units Sold": 6786.0, "Unit Price": 135.57, "Unit Cost": 85.47, "Total Revenue": 919978.02, "Total Cost": 579999.42, "Total Profit": 339978.6, "ItemID": "ABHUTVEG0002GE", "Supplier": "Edeka-DE", "SuplierRegion": "Germany", "SuplierCountry": "Europe"}, {"Region": "Australia and Oceania", "Country": "Solomon Islands", "Item Type": "Clothes", "Sales Channel": "Online", "Order Priority": "H", "Order Date": "2015-05-30", "Order ID": "338031658", "Ship Date": "2022-11-04", "Units Sold": 2683.0, "Unit Price": 244.5, "Unit Cost": 179.9, "Total Revenue": 655993.5, "Total Cost": 482671.7, "Total Profit": 173321.8, "ItemID": "MIRANCLO0033MT", "Supplier": "H&M-TUR", "SuplierRegion": "Middle East and North Africa", "SuplierCountry": "Turkey"}, {"Region": "Middle East and North Africa", "Country": "Algeria", "Item Type": "Clothes", "Sales Channel": "Online", "Order Priority": "L", "Order Date": "2011-08-29", "Order ID": "779275063", "Ship Date": "2021-02-01", "Units Sold": 8234.0, "Unit Price": 211.43, "Unit Cost": 147.81, "Total Revenue": 1740914.62, "Total Cost": 1217067.54, "Total Profit": 523847.08, "ItemID": "MSOMACLO0045UN", "Supplier": "H&M-US", "SuplierRegion": "United States of America", "SuplierCountry": "North America"}, {"Region": "Middle East and North Africa", "Country": "Turkey", "Item Type": "Meat", "Sales Channel": "Offline", "Order Priority": "C", "Order Date": "2020-11-17", "Order ID": "310719366", "Ship Date": "2023-08-15", "Units Sold": 5475.0, "Unit Price": 238.37, "Unit Cost": 171.02, "Total Revenue": 1305075.75, "Total Cost": 936334.5, "Total Profit": 368741.25, "ItemID": "MJORDMEA0036MT", "Supplier": "Fegro-TUR", "SuplierRegion": "Middle East and North Africa", "SuplierCountry": "Turkey"}, {"Region": "Middle East and North Africa", "Country": "Iraq", "Item Type": "Baby Food", "Sales Channel": "Online", "Order Priority": "H", "Order Date": "2012-03-10", "Order ID": "457917130", "Ship Date": "2021-04-10", "Units Sold": 3474.0, "Unit Price": 192.5, "Unit Cost": 171.93, "Total Revenue": 668745.0, "Total Cost": 597284.82, "Total Profit": 71460.18, "ItemID": "EGEORBAB0066ES", "Supplier": "Hipp-ESP", "SuplierRegion": "Europe", "SuplierCountry": "Spain"}, {"Region": "Sub-Saharan Africa", "Country": "Comoros", "Item Type": "Cereal", "Sales Channel": "Offline", "Order Priority": "H", "Order Date": "2017-04-17", "Order ID": "755345774", "Ship Date": "2019-12-20", "Units Sold": 3329.0, "Unit Price": 170.73, "Unit Cost": 104.23, "Total Revenue": 568360.17, "Total Cost": 346981.67, "Total Profit": 221378.5, "ItemID": "ACHINCER0005GE", "Supplier": "Rewe-DE", "SuplierRegion": "Germany", "SuplierCountry": "Europe"}, {"Region": "Asia", "Country": "Bhutan", "Item Type": "Cereal", "Sales Channel": "Online", "Order Priority": "M", "Order Date": "2021-04-23", "Order ID": "286452978", "Ship Date": "2023-04-06", "Units Sold": 3170.0, "Unit Price": 130.4, "Unit Cost": 183.69, "Total Revenue": 413368.0, "Total Cost": 582297.3, "Total Profit": "-168929,30", "ItemID": "EFRANCER0065ES", "Supplier": "Rewe-ESP", "SuplierRegion": "Europe", "SuplierCountry": "Spain"}, {"Region": "Asia", "Country": "Uzbekistan", "Item Type": "Beverages", "Sales Channel": "Offline", "Order Priority": "M", "Order Date": "2018-03-08", "Order ID": "555546939", "Ship Date": "2023-10-22", "Units Sold": 3159.0, "Unit Price": 224.71, "Unit Cost": 165.54, "Total Revenue": 709858.89, "Total Cost": 522940.86, "Total Profit": 186918.03, "ItemID": "EBELABEV0055EN", "Supplier": "WIFA-NL", "SuplierRegion": "Europe", "SuplierCountry": "Netherlands"}, {"Region": "Central America and the Caribbean", "Country": "Antigua and Barbuda ", "Item Type": "Clothes", "Sales Channel": "Offline", "Order Priority": "L", "Order Date": "2013-12-13", "Order ID": "883326344", "Ship Date": "2020-04-15", "Units Sold": 487.0, "Unit Price": 229.59, "Unit Cost": 187.71, "Total Revenue": 111810.33, "Total Cost": 91414.77, "Total Profit": 20395.56, "ItemID": "EBOSNCLO0057EN", "Supplier": "H&M-NL", "SuplierRegion": "Europe", "SuplierCountry": "Netherlands"}, {"Region": "Central America and the Caribbean", "Country": "Dominican Republic", "Item Type": "Clothes", "Sales Channel": "Offline", "Order Priority": "L", "Order Date": "2014-12-23", "Order ID": "878501167", "Ship Date": "2017-04-18", "Units Sold": 4378.0, "Unit Price": 244.5, "Unit Cost": 179.9, "Total Revenue": 1070421.0, "Total Cost": 787602.2, "Total Profit": 282818.8, "ItemID": "MIRANCLO0033MT", "Supplier": "H&M-TUR", "SuplierRegion": "Middle East and North Africa", "SuplierCountry": "Turkey"}, {"Region": "Australia and Oceania", "Country": "Tuvalu", "Item Type": "Cosmetics", "Sales Channel": "Online", "Order Priority": "M", "Order Date": "2014-01-25", "Order ID": "775572486", "Ship Date": "2019-08-29", "Units Sold": 1087.0, "Unit Price": 341.02, "Unit Cost": 229.1, "Total Revenue": 370688.74, "Total Cost": 249031.7, "Total Profit": 121657.04, "ItemID": "ACAMBCOS0004GE", "Supplier": "Beauty-DE", "SuplierRegion": "Germany", "SuplierCountry": "Europe"}, {"Region": "Europe", "Country": "Iceland", "Item Type": "Cosmetics", "Sales Channel": "Offline", "Order Priority": "H", "Order Date": "2020-10-13", "Order ID": "303966525", "Ship Date": "2022-04-14", "Units Sold": 8901.0, "Unit Price": 419.71, "Unit Cost": 229.1, "Total Revenue": 3735838.71, "Total Cost": 2039219.1, "Total Profit": 1696619.61, "ItemID": "AMONGCOS0016UE", "Supplier": "Beauty-UK", "SuplierRegion": "United Kingdom", "SuplierCountry": "Europe"}, {"Region": "Sub-Saharan Africa", "Country": "Gabon", "Item Type": "Baby Food", "Sales Channel": "Offline", "Order Priority": "C", "Order Date": "2015-01-25", "Order ID": "545194666", "Ship Date": "2020-07-21", "Units Sold": 3136.0, "Unit Price": 221.44, "Unit Cost": 173.45, "Total Revenue": 694435.84, "Total Cost": 543939.2, "Total Profit": 150496.64, "ItemID": "MAZERBAB0030MT", "Supplier": "Hipp-TUR", "SuplierRegion": "Middle East and North Africa", "SuplierCountry": "Turkey"}, {"Region": "Asia", "Country": "Indonesia", "Item Type": "Beverages", "Sales Channel": "Online", "Order Priority": "H", "Order Date": "2022-10-22", "Order ID": "333187675", "Ship Date": "2023-09-16", "Units Sold": 1142.0, "Unit Price": 183.43, "Unit Cost": 154.6, "Total Revenue": 209477.06, "Total Cost": 176553.2, "Total Profit": 32923.86, "ItemID": "MBAHRBEV0031MT", "Supplier": "WIFA-TUR", "SuplierRegion": "Middle East and North Africa", "SuplierCountry": "Turkey"}, {"Region": "Europe", "Country": "Switzerland", "Item Type": "Office Supplies", "Sales Channel": "Offline", "Order Priority": "L", "Order Date": "2014-05-18", "Order ID": "486959806", "Ship Date": "2017-02-07", "Units Sold": 7298.0, "Unit Price": 145.44, "Unit Cost": 150.95, "Total Revenue": 1061421.12, "Total Cost": 1101633.1, "Total Profit": "-40211,98", "ItemID": "ECZECOFF0061ES", "Supplier": "Staples-ESP", "SuplierRegion": "Europe", "SuplierCountry": "Spain"}, {"Region": "Europe", "Country": "Hungary", "Item Type": "Personal Care", "Sales Channel": "Offline", "Order Priority": "H", "Order Date": "2019-01-12", "Order ID": "335644385", "Ship Date": "2019-03-28", "Units Sold": 8015.0, "Unit Price": 171.87, "Unit Cost": 175.5, "Total Revenue": 1377538.05, "Total Cost": 1406632.5, "Total Profit": "-29094,45", "ItemID": "MTUNIPER0047UN", "Supplier": "Health-US", "SuplierRegion": "United States of America", "SuplierCountry": "North America"}, {"Region": "Middle East and North Africa", "Country": "Jordan", "Item Type": "Baby Food", "Sales Channel": "Online", "Order Priority": "M", "Order Date": "2020-12-15", "Order ID": "924917078", "Ship Date": "2022-11-08", "Units Sold": 6736.0, "Unit Price": 256.84, "Unit Cost": 154.97, "Total Revenue": 1730074.24, "Total Cost": 1043877.92, "Total Profit": 686196.32, "ItemID": "MPAKIBAB0042UN", "Supplier": "Hipp-US", "SuplierRegion": "United States of America", "SuplierCountry": "North America"}, {"Region": "Europe", "Country": "Montenegro", "Item Type": "Baby Food", "Sales Channel": "Offline", "Order Priority": "H", "Order Date": "2015-08-24", "Order ID": "312315982", "Ship Date": "2021-11-22", "Units Sold": 8934.0, "Unit Price": 230.92, "Unit Cost": 181.07, "Total Revenue": 2063039.28, "Total Cost": 1617679.38, "Total Profit": 445359.9, "ItemID": "EAUSTBAB0054EN", "Supplier": "Hipp-NL", "SuplierRegion": "Europe", "SuplierCountry": "Netherlands"}, {"Region": "Australia and Oceania", "Country": "Papua New Guinea", "Item Type": "Cereal", "Sales Channel": "Offline", "Order Priority": "H", "Order Date": "2015-11-28", "Order ID": "289749264", "Ship Date": "2018-09-22", "Units Sold": 7114.0, "Unit Price": 170.73, "Unit Cost": 104.23, "Total Revenue": 1214573.22, "Total Cost": 741492.22, "Total Profit": 473081.0, "ItemID": "ACHINCER0005GE", "Supplier": "Rewe-DE", "SuplierRegion": "Germany", "SuplierCountry": "Europe"}, {"Region": "North America", "Country": "Greenland", "Item Type": "Personal Care", "Sales Channel": "Online", "Order Priority": "C", "Order Date": "2014-12-10", "Order ID": "661977030", "Ship Date": "2018-08-07", "Units Sold": 5813.0, "Unit Price": 156.05, "Unit Cost": 160.47, "Total Revenue": 907118.65, "Total Cost": 932812.11, "Total Profit": "-25693,46", "ItemID": "ECROAPER0059EN", "Supplier": "Health-NL", "SuplierRegion": "Europe", "SuplierCountry": "Netherlands"}, {"Region": "Europe", "Country": "Andorra", "Item Type": "Cosmetics", "Sales Channel": "Offline", "Order Priority": "M", "Order Date": "2020-06-14", "Order ID": "897230822", "Ship Date": "2022-01-27", "Units Sold": 6598.0, "Unit Price": 341.02, "Unit Cost": 229.1, "Total Revenue": 2250049.96, "Total Cost": 1511601.8, "Total Profit": 738448.16, "ItemID": "ACAMBCOS0004GE", "Supplier": "Beauty-DE", "SuplierRegion": "Germany", "SuplierCountry": "Europe"}, {"Region": "Middle East and North Africa", "Country": "Oman", "Item Type": "Fruits", "Sales Channel": "Offline", "Order Priority": "L", "Order Date": "2013-02-26", "Order ID": "318162030", "Ship Date": "2014-04-14", "Units Sold": 3066.0, "Unit Price": 7.65, "Unit Cost": 6.37, "Total Revenue": 23454.9, "Total Cost": 19530.42, "Total Profit": 3924.48, "ItemID": "AMALDFRU0015UE", "Supplier": "Penny-UK", "SuplierRegion": "United Kingdom", "SuplierCountry": "Europe"}, {"Region": "Sub-Saharan Africa", "Country": "Kenya", "Item Type": "Meat", "Sales Channel": "Offline", "Order Priority": "H", "Order Date": "2010-01-01", "Order ID": "112057219", "Ship Date": "2016-05-19", "Units Sold": 5849.0, "Unit Price": 238.37, "Unit Cost": 171.02, "Total Revenue": 1394226.13, "Total Cost": 1000295.98, "Total Profit": 393930.15, "ItemID": "MJORDMEA0036MT", "Supplier": "Fegro-TUR", "SuplierRegion": "Middle East and North Africa", "SuplierCountry": "Turkey"}, {"Region": "Europe", "Country": "Andorra", "Item Type": "Office Supplies", "Sales Channel": "Offline", "Order Priority": "H", "Order Date": "2019-01-20", "Order ID": "908034702", "Ship Date": "2021-07-17", "Units Sold": 7608.0, "Unit Price": 266.15, "Unit Cost": 182.8, "Total Revenue": 2024869.2, "Total Cost": 1390742.4, "Total Profit": 634126.8, "ItemID": "MKUWAOFF0037UN", "Supplier": "Staples-US", "SuplierRegion": "United States of America", "SuplierCountry": "North America"}, {"Region": "Europe", "Country": "Luxembourg", "Item Type": "Clothes", "Sales Channel": "Online", "Order Priority": "C", "Order Date": "2013-08-07", "Order ID": "426866024", "Ship Date": "2021-05-22", "Units Sold": 8034.0, "Unit Price": 211.43, "Unit Cost": 147.81, "Total Revenue": 1698628.62, "Total Cost": 1187505.54, "Total Profit": 511123.08, "ItemID": "MSOMACLO0045UN", "Supplier": "H&M-US", "SuplierRegion": "United States of America", "SuplierCountry": "North America"}, {"Region": "Sub-Saharan Africa", "Country": "Guinea-Bissau", "Item Type": "Baby Food", "Sales Channel": "Offline", "Order Priority": "L", "Order Date": "2015-11-13", "Order ID": "953108572", "Ship Date": "2021-10-08", "Units Sold": 8851.0, "Unit Price": 256.84, "Unit Cost": 154.97, "Total Revenue": 2273290.84, "Total Cost": 1371639.47, "Total Profit": 901651.37, "ItemID": "MPAKIBAB0042UN", "Supplier": "Hipp-US", "SuplierRegion": "United States of America", "SuplierCountry": "North America"}, {"Region": "Europe", "Country": "Finland", "Item Type": "Baby Food", "Sales Channel": "Offline", "Order Priority": "C", "Order Date": "2022-08-12", "Order ID": "395703923", "Ship Date": "2023-01-18", "Units Sold": 8815.0, "Unit Price": 192.5, "Unit Cost": 171.93, "Total Revenue": 1696887.5, "Total Cost": 1515562.95, "Total Profit": 181324.55, "ItemID": "EGEORBAB0066ES", "Supplier": "Hipp-ESP", "SuplierRegion": "Europe", "SuplierCountry": "Spain"}, {"Region": "Asia", "Country": "Bangladesh", "Item Type": "Office Supplies", "Sales Channel": "Offline", "Order Priority": "M", "Order Date": "2020-07-29", "Order ID": "724004750", "Ship Date": "2021-10-27", "Units Sold": 8711.0, "Unit Price": 266.15, "Unit Cost": 182.8, "Total Revenue": 2318432.65, "Total Cost": 1592370.8, "Total Profit": 726061.85, "ItemID": "MKUWAOFF0037UN", "Supplier": "Staples-US", "SuplierRegion": "United States of America", "SuplierCountry": "North America"}, {"Region": "Asia", "Country": "Bangladesh", "Item Type": "Baby Food", "Sales Channel": "Offline", "Order Priority": "L", "Order Date": "2022-04-24", "Order ID": "362105842", "Ship Date": "2023-12-18", "Units Sold": 6357.0, "Unit Price": 288.47, "Unit Cost": 119.57, "Total Revenue": 1833803.79, "Total Cost": 760106.49, "Total Profit": 1073697.3, "ItemID": "AINDIBAB0006GE", "Supplier": "Hipp-DE", "SuplierRegion": "Germany", "SuplierCountry": "Europe"}, {"Region": "Europe", "Country": "Switzerland", "Item Type": "Personal Care", "Sales Channel": "Offline", "Order Priority": "C", "Order Date": "2015-11-17", "Order ID": "581021278", "Ship Date": "2020-04-10", "Units Sold": 1602.0, "Unit Price": 171.87, "Unit Cost": 175.5, "Total Revenue": 275335.74, "Total Cost": 281151.0, "Total Profit": "-5815,26", "ItemID": "MTUNIPER0047UN", "Supplier": "Health-US", "SuplierRegion": "United States of America", "SuplierCountry": "North America"}, {"Region": "Asia", "Country": "Laos", "Item Type": "Beverages", "Sales Channel": "Offline", "Order Priority": "H", "Order Date": "2015-12-05", "Order ID": "861064605", "Ship Date": "2023-06-07", "Units Sold": 1325.0, "Unit Price": 49.82, "Unit Cost": 24.16, "Total Revenue": 66011.5, "Total Cost": 32012.0, "Total Profit": 33999.5, "ItemID": "AINDOBEV0007GE", "Supplier": "WIFA-DE", "SuplierRegion": "Germany", "SuplierCountry": "Europe"}, {"Region": "Asia", "Country": "Sri Lanka", "Item Type": "Beverages", "Sales Channel": "Online", "Order Priority": "L", "Order Date": "2022-02-05", "Order ID": "895092049", "Ship Date": "2022-02-16", "Units Sold": 4437.0, "Unit Price": 217.53, "Unit Cost": 149.36, "Total Revenue": 965180.61, "Total Cost": 662710.32, "Total Profit": 302470.29, "ItemID": "MQATABEV0043UN", "Supplier": "WIFA-US", "SuplierRegion": "United States of America", "SuplierCountry": "North America"}, {"Region": "Europe", "Country": "Portugal", "Item Type": "Office Supplies", "Sales Channel": "Online", "Order Priority": "L", "Order Date": "2015-05-25", "Order ID": "222352368", "Ship Date": "2021-08-08", "Units Sold": 6881.0, "Unit Price": 696.79, "Unit Cost": 493.46, "Total Revenue": 4794611.99, "Total Cost": 3395498.26, "Total Profit": 1399113.73, "ItemID": "ALAOSOFF0013UE", "Supplier": "Staples-UK", "SuplierRegion": "United Kingdom", "SuplierCountry": "Europe"}, {"Region": "Sub-Saharan Africa", "Country": "Nigeria", "Item Type": "Fruits", "Sales Channel": "Offline", "Order Priority": "M", "Order Date": "2022-06-02", "Order ID": "376657650", "Ship Date": "2023-02-07", "Units Sold": 6630.0, "Unit Price": 7.65, "Unit Cost": 6.37, "Total Revenue": 50719.5, "Total Cost": 42233.1, "Total Profit": 8486.4, "ItemID": "AMALDFRU0015UE", "Supplier": "Penny-UK", "SuplierRegion": "United Kingdom", "SuplierCountry": "Europe"}, {"Region": "Europe", "Country": "Germany", "Item Type": "Meat", "Sales Channel": "Online", "Order Priority": "L", "Order Date": "2016-01-11", "Order ID": "869328926", "Ship Date": "2017-04-14", "Units Sold": 8690.0, "Unit Price": 213.2, "Unit Cost": 158.69, "Total Revenue": 1852708.0, "Total Cost": 1379016.1, "Total Profit": 473691.9, "ItemID": "ECYPRMEA0060EN", "Supplier": "Fegro-NL", "SuplierRegion": "Europe", "SuplierCountry": "Netherlands"}, {"Region": "Asia", "Country": "Brunei", "Item Type": "Cosmetics", "Sales Channel": "Online", "Order Priority": "L", "Order Date": "2015-12-02", "Order ID": "761774524", "Ship Date": "2017-07-11", "Units Sold": 96.0, "Unit Price": 172.09, "Unit Cost": 154.56, "Total Revenue": 16520.64, "Total Cost": 14837.76, "Total Profit": 1682.88, "ItemID": "MMOROCOS0040UN", "Supplier": "Beauty-US", "SuplierRegion": "United States of America", "SuplierCountry": "North America"}, {"Region": "Middle East and North Africa", "Country": "Israel", "Item Type": "Cereal", "Sales Channel": "Online", "Order Priority": "C", "Order Date": "2012-06-12", "Order ID": "147975713", "Ship Date": "2017-02-20", "Units Sold": 4916.0, "Unit Price": 217.45, "Unit Cost": 165.11, "Total Revenue": 1068984.2, "Total Cost": 811680.76, "Total Profit": 257303.44, "ItemID": "EARMECER0053EN", "Supplier": "Rewe-NL", "SuplierRegion": "Europe", "SuplierCountry": "Netherlands"}, {"Region": "Middle East and North Africa", "Country": "Egypt", "Item Type": "Office Supplies", "Sales Channel": "Online", "Order Priority": "L", "Order Date": "2015-03-18", "Order ID": "953535659", "Ship Date": "2015-11-19", "Units Sold": 9249.0, "Unit Price": 664.23, "Unit Cost": 585.79, "Total Revenue": 6143463.27, "Total Cost": 5417971.71, "Total Profit": 725491.56, "ItemID": "ABANGOFF0001GE", "Supplier": "Staples-DE", "SuplierRegion": "Germany", "SuplierCountry": "Europe"}, {"Region": "Central America and the Caribbean", "Country": "Jamaica", "Item Type": "Cosmetics", "Sales Channel": "Offline", "Order Priority": "H", "Order Date": "2019-03-05", "Order ID": "339322315", "Ship Date": "2023-08-11", "Units Sold": 6224.0, "Unit Price": 154.75, "Unit Cost": 161.51, "Total Revenue": 963164.0, "Total Cost": 1005238.24, "Total Profit": "-42074,24", "ItemID": "EFINLCOS0064ES", "Supplier": "Beauty-ESP", "SuplierRegion": "Europe", "SuplierCountry": "Spain"}, {"Region": "Asia", "Country": "Sri Lanka", "Item Type": "Meat", "Sales Channel": "Online", "Order Priority": "L", "Order Date": "2022-02-07", "Order ID": "199681633", "Ship Date": "2023-06-30", "Units Sold": 1002.0, "Unit Price": 493.61, "Unit Cost": 328.22, "Total Revenue": 494597.22, "Total Cost": 328876.44, "Total Profit": 165720.78, "ItemID": "AKYRGMEA0012GE", "Supplier": "Fegro-DE", "SuplierRegion": "Germany", "SuplierCountry": "Europe"}, {"Region": "Central America and the Caribbean", "Country": "Dominican Republic", "Item Type": "Office Supplies", "Sales Channel": "Online", "Order Priority": "H", "Order Date": "2014-03-08", "Order ID": "755221201", "Ship Date": "2014-05-03", "Units Sold": 5776.0, "Unit Price": 266.15, "Unit Cost": 182.8, "Total Revenue": 1537282.4, "Total Cost": 1055852.8, "Total Profit": 481429.6, "ItemID": "MKUWAOFF0037UN", "Supplier": "Staples-US", "SuplierRegion": "United States of America", "SuplierCountry": "North America"}, {"Region": "Sub-Saharan Africa", "Country": "Tanzania", "Item Type": "Fruits", "Sales Channel": "Online", "Order Priority": "C", "Order Date": "2017-06-24", "Order ID": "133950746", "Ship Date": "2023-04-05", "Units Sold": 4770.0, "Unit Price": 200.95, "Unit Cost": 173.25, "Total Revenue": 958531.5, "Total Cost": 826402.5, "Total Profit": 132129.0, "ItemID": "EESTOFRU0063ES", "Supplier": "Penny-ESP", "SuplierRegion": "Europe", "SuplierCountry": "Spain"}, {"Region": "Middle East and North Africa", "Country": "Yemen", "Item Type": "Cereal", "Sales Channel": "Online", "Order Priority": "H", "Order Date": "2023-09-11", "Order ID": "833406372", "Ship Date": "2023-09-15", "Units Sold": 9238.0, "Unit Price": 170.73, "Unit Cost": 104.23, "Total Revenue": 1577203.74, "Total Cost": 962876.74, "Total Profit": 614327.0, "ItemID": "ACHINCER0005GE", "Supplier": "Rewe-DE", "SuplierRegion": "Germany", "SuplierCountry": "Europe"}, {"Region": "Sub-Saharan Africa", "Country": "Mauritius ", "Item Type": "Cosmetics", "Sales Channel": "Online", "Order Priority": "M", "Order Date": "2013-11-11", "Order ID": "574837776", "Ship Date": "2014-12-06", "Units Sold": 2467.0, "Unit Price": 419.71, "Unit Cost": 229.1, "Total Revenue": 1035424.57, "Total Cost": 565189.7, "Total Profit": 470234.87, "ItemID": "AMONGCOS0016UE", "Supplier": "Beauty-UK", "SuplierRegion": "United Kingdom", "SuplierCountry": "Europe"}, {"Region": "Asia", "Country": "Malaysia", "Item Type": "Clothes", "Sales Channel": "Online", "Order Priority": "M", "Order Date": "2010-05-14", "Order ID": "269211486", "Ship Date": "2012-12-29", "Units Sold": 4774.0, "Unit Price": 128.95, "Unit Cost": 27.24, "Total Revenue": 615607.3, "Total Cost": 130043.76, "Total Profit": 485563.54, "ItemID": "ASRI CLO0021UE", "Supplier": "H&M-UK", "SuplierRegion": "United Kingdom", "SuplierCountry": "Europe"}, {"Region": "Europe", "Country": "Monaco", "Item Type": "Cosmetics", "Sales Channel": "Online", "Order Priority": "C", "Order Date": "2017-12-09", "Order ID": "923942925", "Ship Date": "2021-05-02", "Units Sold": 8507.0, "Unit Price": 172.09, "Unit Cost": 154.56, "Total Revenue": 1463969.63, "Total Cost": 1314841.92, "Total Profit": 149127.71, "ItemID": "MMOROCOS0040UN", "Supplier": "Beauty-US", "SuplierRegion": "United States of America", "SuplierCountry": "North America"}, {"Region": "Sub-Saharan Africa", "Country": "Cape Verde", "Item Type": "Household", "Sales Channel": "Offline", "Order Priority": "C", "Order Date": "2020-09-27", "Order ID": "505549861", "Ship Date": "2021-12-27", "Units Sold": 3046.0, "Unit Price": 641.54, "Unit Cost": 472.39, "Total Revenue": 1954130.84, "Total Cost": 1438899.94, "Total Profit": 515230.9, "ItemID": "ANORTHOU0010GE", "Supplier": "Wholesale-DE", "SuplierRegion": "Germany", "SuplierCountry": "Europe"}, {"Region": "North America", "Country": "Greenland", "Item Type": "Household", "Sales Channel": "Online", "Order Priority": "M", "Order Date": "2014-11-07", "Order ID": "722966502", "Ship Date": "2021-09-25", "Units Sold": 9804.0, "Unit Price": 254.23, "Unit Cost": 147.57, "Total Revenue": 2492470.92, "Total Cost": 1446776.28, "Total Profit": 1045694.64, "ItemID": "MIRAQHOU0034MT", "Supplier": "Wholesale-TUR", "SuplierRegion": "Middle East and North Africa", "SuplierCountry": "Turkey"}, {"Region": "Asia", "Country": "Kazakhstan", "Item Type": "Office Supplies", "Sales Channel": "Offline", "Order Priority": "C", "Order Date": "2022-12-05", "Order ID": "389504829", "Ship Date": "2023-11-01", "Units Sold": 7221.0, "Unit Price": 145.44, "Unit Cost": 150.95, "Total Revenue": 1050222.24, "Total Cost": 1090009.95, "Total Profit": "-39787,71", "ItemID": "ECZECOFF0061ES", "Supplier": "Staples-ESP", "SuplierRegion": "Europe", "SuplierCountry": "Spain"}, {"Region": "Middle East and North Africa", "Country": "Israel", "Item Type": "Meat", "Sales Channel": "Offline", "Order Priority": "L", "Order Date": "2019-08-02", "Order ID": "823115417", "Ship Date": "2021-12-20", "Units Sold": 5771.0, "Unit Price": 213.2, "Unit Cost": 158.69, "Total Revenue": 1230377.2, "Total Cost": 915799.99, "Total Profit": 314577.21, "ItemID": "ECYPRMEA0060EN", "Supplier": "Fegro-NL", "SuplierRegion": "Europe", "SuplierCountry": "Netherlands"}, {"Region": "Europe", "Country": "Bulgaria", "Item Type": "Cosmetics", "Sales Channel": "Offline", "Order Priority": "L", "Order Date": "2010-08-28", "Order ID": "953108271", "Ship Date": "2021-07-27", "Units Sold": 2961.0, "Unit Price": 154.75, "Unit Cost": 161.51, "Total Revenue": 458214.75, "Total Cost": 478231.11, "Total Profit": "-20016,36", "ItemID": "EFINLCOS0064ES", "Supplier": "Beauty-ESP", "SuplierRegion": "Europe", "SuplierCountry": "Spain"}, {"Region": "Sub-Saharan Africa", "Country": "Botswana", "Item Type": "Cereal", "Sales Channel": "Online", "Order Priority": "H", "Order Date": "2018-09-08", "Order ID": "615080284", "Ship Date": "2020-03-05", "Units Sold": 8324.0, "Unit Price": 217.45, "Unit Cost": 165.11, "Total Revenue": 1810053.8, "Total Cost": 1374375.64, "Total Profit": 435678.16, "ItemID": "EARMECER0053EN", "Supplier": "Rewe-NL", "SuplierRegion": "Europe", "SuplierCountry": "Netherlands"}, {"Region": "Sub-Saharan Africa", "Country": "Zimbabwe", "Item Type": "Household", "Sales Channel": "Offline", "Order Priority": "M", "Order Date": "2016-02-24", "Order ID": "321924514", "Ship Date": "2018-02-04", "Units Sold": 8430.0, "Unit Price": 180.33, "Unit Cost": 156.74, "Total Revenue": 1520181.9, "Total Cost": 1321318.2, "Total Profit": 198863.7, "ItemID": "EICELHOU0070ES", "Supplier": "Wholesale-ESP", "SuplierRegion": "Europe", "SuplierCountry": "Spain"}, {"Region": "Central America and the Caribbean", "Country": "The Bahamas", "Item Type": "Office Supplies", "Sales Channel": "Offline", "Order Priority": "C", "Order Date": "2022-04-18", "Order ID": "691116973", "Ship Date": "2023-06-10", "Units Sold": 1876.0, "Unit Price": 266.15, "Unit Cost": 182.8, "Total Revenue": 499297.4, "Total Cost": 342932.8, "Total Profit": 156364.6, "ItemID": "MKUWAOFF0037UN", "Supplier": "Staples-US", "SuplierRegion": "United States of America", "SuplierCountry": "North America"}, {"Region": "Europe", "Country": "Vatican City", "Item Type": "Baby Food", "Sales Channel": "Online", "Order Priority": "L", "Order Date": "2021-06-07", "Order ID": "116937906", "Ship Date": "2022-12-30", "Units Sold": 4293.0, "Unit Price": 288.47, "Unit Cost": 119.57, "Total Revenue": 1238401.71, "Total Cost": 513314.01, "Total Profit": 725087.7, "ItemID": "AINDIBAB0006GE", "Supplier": "Hipp-DE", "SuplierRegion": "Germany", "SuplierCountry": "Europe"}, {"Region": "Central America and the Caribbean", "Country": "Panama", "Item Type": "Beverages", "Sales Channel": "Online", "Order Priority": "C", "Order Date": "2021-09-22", "Order ID": "609310606", "Ship Date": "2021-10-19", "Units Sold": 3341.0, "Unit Price": 224.71, "Unit Cost": 165.54, "Total Revenue": 750756.11, "Total Cost": 553069.14, "Total Profit": 197686.97, "ItemID": "EBELABEV0055EN", "Supplier": "WIFA-NL", "SuplierRegion": "Europe", "SuplierCountry": "Netherlands"}, {"Region": "Asia", "Country": "Mongolia", "Item Type": "Snacks", "Sales Channel": "Online", "Order Priority": "L", "Order Date": "2012-08-03", "Order ID": "559353626", "Ship Date": "2017-09-19", "Units Sold": 3714.0, "Unit Price": 251.34, "Unit Cost": 173.93, "Total Revenue": 933476.76, "Total Cost": 645976.02, "Total Profit": 287500.74, "ItemID": "MEGYPSNA0032MT", "Supplier": "Edeka-TUR", "SuplierRegion": "Middle East and North Africa", "SuplierCountry": "Turkey"}, {"Region": "Australia and Oceania", "Country": "New Zealand", "Item Type": "Office Supplies", "Sales Channel": "Offline", "Order Priority": "C", "Order Date": "2018-08-05", "Order ID": "744302025", "Ship Date": "2021-10-14", "Units Sold": 2134.0, "Unit Price": 258.33, "Unit Cost": 147.67, "Total Revenue": 551276.22, "Total Cost": 315127.78, "Total Profit": 236148.44, "ItemID": "ATURKOFF0025MT", "Supplier": "Staples-TUR", "SuplierRegion": "Middle East and North Africa", "SuplierCountry": "Turkey"}, {"Region": "Sub-Saharan Africa", "Country": "Ethiopia", "Item Type": "Vegetables", "Sales Channel": "Offline", "Order Priority": "H", "Order Date": "2018-09-20", "Order ID": "186538739", "Ship Date": "2020-01-23", "Units Sold": 2357.0, "Unit Price": 216.09, "Unit Cost": 179.19, "Total Revenue": 509324.13, "Total Cost": 422350.83, "Total Profit": 86973.3, "ItemID": "MLEBAVEG0038UN", "Supplier": "Edeka-US", "SuplierRegion": "United States of America", "SuplierCountry": "North America"}, {"Region": "Sub-Saharan Africa", "Country": "Namibia", "Item Type": "Office Supplies", "Sales Channel": "Offline", "Order Priority": "H", "Order Date": "2013-09-03", "Order ID": "199912756", "Ship Date": "2021-03-31", "Units Sold": 168.0, "Unit Price": 258.33, "Unit Cost": 147.67, "Total Revenue": 43399.44, "Total Cost": 24808.56, "Total Profit": 18590.88, "ItemID": "ATURKOFF0025MT", "Supplier": "Staples-TUR", "SuplierRegion": "Middle East and North Africa", "SuplierCountry": "Turkey"}, {"Region": "Australia and Oceania", "Country": "New Zealand", "Item Type": "Fruits", "Sales Channel": "Online", "Order Priority": "L", "Order Date": "2020-02-17", "Order ID": "800651014", "Ship Date": "2023-03-05", "Units Sold": 8385.0, "Unit Price": 8.77, "Unit Cost": 5.47, "Total Revenue": 73536.45, "Total Cost": 45865.95, "Total Profit": 27670.5, "ItemID": "ABRUNFRU0003GE", "Supplier": "Penny-DE", "SuplierRegion": "Germany", "SuplierCountry": "Europe"}, {"Region": "Sub-Saharan Africa", "Country": "Madagascar", "Item Type": "Household", "Sales Channel": "Online", "Order Priority": "M", "Order Date": "2012-02-08", "Order ID": "900208992", "Ship Date": "2019-07-12", "Units Sold": 1857.0, "Unit Price": 641.54, "Unit Cost": 472.39, "Total Revenue": 1191339.78, "Total Cost": 877228.23, "Total Profit": 314111.55, "ItemID": "ANORTHOU0010GE", "Supplier": "Wholesale-DE", "SuplierRegion": "Germany", "SuplierCountry": "Europe"}, {"Region": "Europe", "Country": "Ireland", "Item Type": "Personal Care", "Sales Channel": "Online", "Order Priority": "H", "Order Date": "2013-11-30", "Order ID": "226891350", "Ship Date": "2015-09-28", "Units Sold": 2464.0, "Unit Price": 197.58, "Unit Cost": 189.14, "Total Revenue": 486837.12, "Total Cost": 466040.96, "Total Profit": 20796.16, "ItemID": "EIRELPER0071ES", "Supplier": "Health-ESP", "SuplierRegion": "Europe", "SuplierCountry": "Spain"}, {"Region": "Central America and the Caribbean", "Country": "Trinidad and Tobago", "Item Type": "Snacks", "Sales Channel": "Online", "Order Priority": "M", "Order Date": "2022-03-02", "Order ID": "862784480", "Ship Date": "2022-06-09", "Units Sold": 4116.0, "Unit Price": 183.1, "Unit Cost": 91.59, "Total Revenue": 753639.6, "Total Cost": 376984.44, "Total Profit": 376655.16, "ItemID": "ASINGSNA0020UE", "Supplier": "Edeka-UK", "SuplierRegion": "United Kingdom", "SuplierCountry": "Europe"}, {"Region": "Australia and Oceania", "Country": "Federated States of Micronesia", "Item Type": "Cosmetics", "Sales Channel": "Online", "Order Priority": "M", "Order Date": "2016-03-12", "Order ID": "934421574", "Ship Date": "2018-03-01", "Units Sold": 7756.0, "Unit Price": 172.09, "Unit Cost": 154.56, "Total Revenue": 1334730.04, "Total Cost": 1198767.36, "Total Profit": 135962.68, "ItemID": "MMOROCOS0040UN", "Supplier": "Beauty-US", "SuplierRegion": "United States of America", "SuplierCountry": "North America"}, {"Region": "Europe", "Country": "Romania", "Item Type": "Personal Care", "Sales Channel": "Online", "Order Priority": "H", "Order Date": "2018-09-15", "Order ID": "147346318", "Ship Date": "2022-01-21", "Units Sold": 6358.0, "Unit Price": 171.87, "Unit Cost": 175.5, "Total Revenue": 1092749.46, "Total Cost": 1115829.0, "Total Profit": "-23079,54", "ItemID": "MTUNIPER0047UN", "Supplier": "Health-US", "SuplierRegion": "United States of America", "SuplierCountry": "North America"}, {"Region": "Sub-Saharan Africa", "Country": "Namibia", "Item Type": "Cereal", "Sales Channel": "Offline", "Order Priority": "H", "Order Date": "2014-12-04", "Order ID": "787179802", "Ship Date": "2018-08-04", "Units Sold": 9927.0, "Unit Price": 158.39, "Unit Cost": 106.57, "Total Revenue": 1572337.53, "Total Cost": 1057920.39, "Total Profit": 514417.14, "ItemID": "AMYANCER0017UE", "Supplier": "Rewe-UK", "SuplierRegion": "United Kingdom", "SuplierCountry": "Europe"}, {"Region": "North America", "Country": "Canada", "Item Type": "Meat", "Sales Channel": "Offline", "Order Priority": "L", "Order Date": "2019-07-17", "Order ID": "394093354", "Ship Date": "2021-10-30", "Units Sold": 498.0, "Unit Price": 345.95, "Unit Cost": 309.99, "Total Revenue": 172283.1, "Total Cost": 154375.02, "Total Profit": 17908.08, "ItemID": "ATHAIMEA0024UE", "Supplier": "Fegro-UK", "SuplierRegion": "United Kingdom", "SuplierCountry": "Europe"}, {"Region": "Europe", "Country": "Poland", "Item Type": "Baby Food", "Sales Channel": "Online", "Order Priority": "H", "Order Date": "2015-11-17", "Order ID": "185451286", "Ship Date": "2021-01-13", "Units Sold": 7139.0, "Unit Price": 230.92, "Unit Cost": 181.07, "Total Revenue": 1648537.88, "Total Cost": 1292658.73, "Total Profit": 355879.15, "ItemID": "EAUSTBAB0054EN", "Supplier": "Hipp-NL", "SuplierRegion": "Europe", "SuplierCountry": "Netherlands"}, {"Region": "Europe", "Country": "Kosovo", "Item Type": "Office Supplies", "Sales Channel": "Online", "Order Priority": "H", "Order Date": "2010-01-24", "Order ID": "727905470", "Ship Date": "2014-03-07", "Units Sold": 949.0, "Unit Price": 213.85, "Unit Cost": 156.42, "Total Revenue": 202943.65, "Total Cost": 148442.58, "Total Profit": 54501.07, "ItemID": "MUNITOFF0049EN", "Supplier": "Staples-NL", "SuplierRegion": "Europe", "SuplierCountry": "Netherlands"}, {"Region": "Europe", "Country": "Sweden", "Item Type": "Baby Food", "Sales Channel": "Offline", "Order Priority": "C", "Order Date": "2013-09-13", "Order ID": "946279934", "Ship Date": "2022-03-11", "Units Sold": 58.0, "Unit Price": 288.47, "Unit Cost": 119.57, "Total Revenue": 16731.26, "Total Cost": 6935.06, "Total Profit": 9796.2, "ItemID": "AINDIBAB0006GE", "Supplier": "Hipp-DE", "SuplierRegion": "Germany", "SuplierCountry": "Europe"}, {"Region": "Sub-Saharan Africa", "Country": "Sao Tome and Principe", "Item Type": "Snacks", "Sales Channel": "Online", "Order Priority": "C", "Order Date": "2017-11-29", "Order ID": "412065440", "Ship Date": "2020-01-10", "Units Sold": 4626.0, "Unit Price": 183.1, "Unit Cost": 91.59, "Total Revenue": 847020.6, "Total Cost": 423695.34, "Total Profit": 423325.26, "ItemID": "ASINGSNA0020UE", "Supplier": "Edeka-UK", "SuplierRegion": "United Kingdom", "SuplierCountry": "Europe"}, {"Region": "Sub-Saharan Africa", "Country": "Tanzania", "Item Type": "Beverages", "Sales Channel": "Offline", "Order Priority": "L", "Order Date": "2021-09-25", "Order ID": "301639478", "Ship Date": "2022-05-03", "Units Sold": 1847.0, "Unit Price": 183.43, "Unit Cost": 154.6, "Total Revenue": 338795.21, "Total Cost": 285546.2, "Total Profit": 53249.01, "ItemID": "MBAHRBEV0031MT", "Supplier": "WIFA-TUR", "SuplierRegion": "Middle East and North Africa", "SuplierCountry": "Turkey"}, {"Region": "Australia and Oceania", "Country": "Palau", "Item Type": "Meat", "Sales Channel": "Online", "Order Priority": "M", "Order Date": "2020-10-08", "Order ID": "950781691", "Ship Date": "2021-08-22", "Units Sold": 943.0, "Unit Price": 220.55, "Unit Cost": 176.55, "Total Revenue": 207978.65, "Total Cost": 166486.65, "Total Profit": 41492.0, "ItemID": "EITALMEA0072ES", "Supplier": "Fegro-ESP", "SuplierRegion": "Europe", "SuplierCountry": "Spain"}, {"Region": "Sub-Saharan Africa", "Country": "Malawi", "Item Type": "Snacks", "Sales Channel": "Online", "Order Priority": "H", "Order Date": "2015-08-24", "Order ID": "364113239", "Ship Date": "2021-11-14", "Units Sold": 8170.0, "Unit Price": 183.1, "Unit Cost": 91.59, "Total Revenue": 1495927.0, "Total Cost": 748290.3, "Total Profit": 747636.7, "ItemID": "ASINGSNA0020UE", "Supplier": "Edeka-UK", "SuplierRegion": "United Kingdom", "SuplierCountry": "Europe"}, {"Region": "Asia", "Country": "India", "Item Type": "Baby Food", "Sales Channel": "Offline", "Order Priority": "M", "Order Date": "2012-03-05", "Order ID": "438086776", "Ship Date": "2012-07-22", "Units Sold": 1814.0, "Unit Price": 192.5, "Unit Cost": 171.93, "Total Revenue": 349195.0, "Total Cost": 311881.02, "Total Profit": 37313.98, "ItemID": "EGEORBAB0066ES", "Supplier": "Hipp-ESP", "SuplierRegion": "Europe", "SuplierCountry": "Spain"}, {"Region": "Sub-Saharan Africa", "Country": "Angola", "Item Type": "Vegetables", "Sales Channel": "Offline", "Order Priority": "H", "Order Date": "2014-04-02", "Order ID": "987256333", "Ship Date": "2021-04-10", "Units Sold": 7192.0, "Unit Price": 291.48, "Unit Cost": 153.56, "Total Revenue": 2096324.16, "Total Cost": 1104403.52, "Total Profit": 991920.64, "ItemID": "AUZBEVEG0026MT", "Supplier": "Edeka-TUR", "SuplierRegion": "Middle East and North Africa", "SuplierCountry": "Turkey"}, {"Region": "Central America and the Caribbean", "Country": "El Salvador", "Item Type": "Cosmetics", "Sales Channel": "Offline", "Order Priority": "L", "Order Date": "2019-07-27", "Order ID": "249206346", "Ship Date": "2021-04-24", "Units Sold": 1653.0, "Unit Price": 242.36, "Unit Cost": 178.69, "Total Revenue": 400621.08, "Total Cost": 295374.57, "Total Profit": 105246.51, "ItemID": "MAFGHCOS0028MT", "Supplier": "Beauty-TUR", "SuplierRegion": "Middle East and North Africa", "SuplierCountry": "Turkey"}, {"Region": "Asia", "Country": "Uzbekistan", "Item Type": "Clothes", "Sales Channel": "Offline", "Order Priority": "H", "Order Date": "2010-11-17", "Order ID": "737508027", "Ship Date": "2023-08-01", "Units Sold": 9576.0, "Unit Price": 211.43, "Unit Cost": 147.81, "Total Revenue": 2024653.68, "Total Cost": 1415428.56, "Total Profit": 609225.12, "ItemID": "MSOMACLO0045UN", "Supplier": "H&M-US", "SuplierRegion": "United States of America", "SuplierCountry": "North America"}, {"Region": "Europe", "Country": "Romania", "Item Type": "Office Supplies", "Sales Channel": "Online", "Order Priority": "L", "Order Date": "2015-08-24", "Order ID": "398771756", "Ship Date": "2018-06-01", "Units Sold": 7373.0, "Unit Price": 664.23, "Unit Cost": 585.79, "Total Revenue": 4897367.79, "Total Cost": 4319029.67, "Total Profit": 578338.12, "ItemID": "ABANGOFF0001GE", "Supplier": "Staples-DE", "SuplierRegion": "Germany", "SuplierCountry": "Europe"}, {"Region": "Middle East and North Africa", "Country": "Bahrain", "Item Type": "Personal Care", "Sales Channel": "Online", "Order Priority": "C", "Order Date": "2013-06-18", "Order ID": "996658730", "Ship Date": "2021-01-27", "Units Sold": 8487.0, "Unit Price": 71.11, "Unit Cost": 52.14, "Total Revenue": 603510.57, "Total Cost": 442512.18, "Total Profit": 160998.39, "ItemID": "ATAJIPER0023UE", "Supplier": "Health-UK", "SuplierRegion": "United Kingdom", "SuplierCountry": "Europe"}, {"Region": "Sub-Saharan Africa", "Country": "Cape Verde", "Item Type": "Household", "Sales Channel": "Offline", "Order Priority": "M", "Order Date": "2018-05-19", "Order ID": "853944064", "Ship Date": "2018-07-27", "Units Sold": 8390.0, "Unit Price": 158.68, "Unit Cost": 163.59, "Total Revenue": 1331325.2, "Total Cost": 1372520.1, "Total Profit": "-41194,90", "ItemID": "MSYRIHOU0046UN", "Supplier": "Wholesale-US", "SuplierRegion": "United States of America", "SuplierCountry": "North America"}, {"Region": "Sub-Saharan Africa", "Country": "Zimbabwe", "Item Type": "Cosmetics", "Sales Channel": "Offline", "Order Priority": "L", "Order Date": "2015-05-15", "Order ID": "167178096", "Ship Date": "2017-02-03", "Units Sold": 9588.0, "Unit Price": 154.75, "Unit Cost": 161.51, "Total Revenue": 1483743.0, "Total Cost": 1548557.88, "Total Profit": "-64814,88", "ItemID": "EFINLCOS0064ES", "Supplier": "Beauty-ESP", "SuplierRegion": "Europe", "SuplierCountry": "Spain"}, {"Region": "Central America and the Caribbean", "Country": "Costa Rica", "Item Type": "Office Supplies", "Sales Channel": "Online", "Order Priority": "C", "Order Date": "2018-03-26", "Order ID": "680757209", "Ship Date": "2023-11-10", "Units Sold": 6617.0, "Unit Price": 258.33, "Unit Cost": 147.67, "Total Revenue": 1709369.61, "Total Cost": 977132.39, "Total Profit": 732237.22, "ItemID": "ATURKOFF0025MT", "Supplier": "Staples-TUR", "SuplierRegion": "Middle East and North Africa", "SuplierCountry": "Turkey"}, {"Region": "Sub-Saharan Africa", "Country": "Mauritius ", "Item Type": "Beverages", "Sales Channel": "Online", "Order Priority": "C", "Order Date": "2023-03-08", "Order ID": "493069782", "Ship Date": "2023-12-10", "Units Sold": 1044.0, "Unit Price": 49.82, "Unit Cost": 24.16, "Total Revenue": 52012.08, "Total Cost": 25223.04, "Total Profit": 26789.04, "ItemID": "AINDOBEV0007GE", "Supplier": "WIFA-DE", "SuplierRegion": "Germany", "SuplierCountry": "Europe"}, {"Region": "Sub-Saharan Africa", "Country": "Benin", "Item Type": "Office Supplies", "Sales Channel": "Online", "Order Priority": "L", "Order Date": "2012-06-23", "Order ID": "275327155", "Ship Date": "2013-07-19", "Units Sold": 6467.0, "Unit Price": 266.15, "Unit Cost": 182.8, "Total Revenue": 1721192.05, "Total Cost": 1182167.6, "Total Profit": 539024.45, "ItemID": "MKUWAOFF0037UN", "Supplier": "Staples-US", "SuplierRegion": "United States of America", "SuplierCountry": "North America"}, {"Region": "North America", "Country": "Mexico", "Item Type": "Fruits", "Sales Channel": "Offline", "Order Priority": "H", "Order Date": "2014-03-27", "Order ID": "209376354", "Ship Date": "2022-06-29", "Units Sold": 3518.0, "Unit Price": 200.95, "Unit Cost": 173.25, "Total Revenue": 706942.1, "Total Cost": 609493.5, "Total Profit": 97448.6, "ItemID": "EESTOFRU0063ES", "Supplier": "Penny-ESP", "SuplierRegion": "Europe", "SuplierCountry": "Spain"}, {"Region": "Sub-Saharan Africa", "Country": "The Gambia", "Item Type": "Cosmetics", "Sales Channel": "Online", "Order Priority": "C", "Order Date": "2021-06-12", "Order ID": "140651537", "Ship Date": "2021-12-25", "Units Sold": 4857.0, "Unit Price": 175.71, "Unit Cost": 157.04, "Total Revenue": 853423.47, "Total Cost": 762743.28, "Total Profit": 90680.19, "ItemID": "EANDOCOS0052EN", "Supplier": "Beauty-NL", "SuplierRegion": "Europe", "SuplierCountry": "Netherlands"}, {"Region": "Asia", "Country": "Cambodia", "Item Type": "Clothes", "Sales Channel": "Offline", "Order Priority": "L", "Order Date": "2016-01-29", "Order ID": "129574616", "Ship Date": "2016-12-09", "Units Sold": 175.0, "Unit Price": 244.5, "Unit Cost": 179.9, "Total Revenue": 42787.5, "Total Cost": 31482.5, "Total Profit": 11305.0, "ItemID": "MIRANCLO0033MT", "Supplier": "H&M-TUR", "SuplierRegion": "Middle East and North Africa", "SuplierCountry": "Turkey"}, {"Region": "Sub-Saharan Africa", "Country": "Zambia", "Item Type": "Personal Care", "Sales Channel": "Online", "Order Priority": "C", "Order Date": "2018-05-14", "Order ID": "664762501", "Ship Date": "2022-11-30", "Units Sold": 1198.0, "Unit Price": 156.05, "Unit Cost": 160.47, "Total Revenue": 186947.9, "Total Cost": 192243.06, "Total Profit": "-5295,16", "ItemID": "ECROAPER0059EN", "Supplier": "Health-NL", "SuplierRegion": "Europe", "SuplierCountry": "Netherlands"}, {"Region": "Europe", "Country": "Malta", "Item Type": "Meat", "Sales Channel": "Offline", "Order Priority": "C", "Order Date": "2019-05-02", "Order ID": "672815525", "Ship Date": "2019-07-27", "Units Sold": 6679.0, "Unit Price": 345.95, "Unit Cost": 309.99, "Total Revenue": 2310600.05, "Total Cost": 2070423.21, "Total Profit": 240176.84, "ItemID": "ATHAIMEA0024UE", "Supplier": "Fegro-UK", "SuplierRegion": "United Kingdom", "SuplierCountry": "Europe"}, {"Region": "Europe", "Country": "Malta", "Item Type": "Cereal", "Sales Channel": "Offline", "Order Priority": "C", "Order Date": "2015-12-14", "Order ID": "519763683", "Ship Date": "2019-12-13", "Units Sold": 7406.0, "Unit Price": 130.4, "Unit Cost": 183.69, "Total Revenue": 965742.4, "Total Cost": 1360408.14, "Total Profit": "-394665,74", "ItemID": "EFRANCER0065ES", "Supplier": "Rewe-ESP", "SuplierRegion": "Europe", "SuplierCountry": "Spain"}, {"Region": "Middle East and North Africa", "Country": "Iran", "Item Type": "Fruits", "Sales Channel": "Online", "Order Priority": "M", "Order Date": "2021-05-06", "Order ID": "646937527", "Ship Date": "2022-10-02", "Units Sold": 1194.0, "Unit Price": 7.65, "Unit Cost": 6.37, "Total Revenue": 9134.1, "Total Cost": 7605.78, "Total Profit": 1528.32, "ItemID": "AMALDFRU0015UE", "Supplier": "Penny-UK", "SuplierRegion": "United Kingdom", "SuplierCountry": "Europe"}, {"Region": "Sub-Saharan Africa", "Country": "Nigeria", "Item Type": "Personal Care", "Sales Channel": "Offline", "Order Priority": "H", "Order Date": "2013-06-10", "Order ID": "567597395", "Ship Date": "2021-05-23", "Units Sold": 7894.0, "Unit Price": 71.11, "Unit Cost": 52.14, "Total Revenue": 561342.34, "Total Cost": 411593.16, "Total Profit": 149749.18, "ItemID": "ATAJIPER0023UE", "Supplier": "Health-UK", "SuplierRegion": "United Kingdom", "SuplierCountry": "Europe"}, {"Region": "Australia and Oceania", "Country": "Palau", "Item Type": "Cereal", "Sales Channel": "Online", "Order Priority": "L", "Order Date": "2014-06-01", "Order ID": "304022163", "Ship Date": "2015-08-21", "Units Sold": 4384.0, "Unit Price": 170.73, "Unit Cost": 104.23, "Total Revenue": 748480.32, "Total Cost": 456944.32, "Total Profit": 291536.0, "ItemID": "ACHINCER0005GE", "Supplier": "Rewe-DE", "SuplierRegion": "Germany", "SuplierCountry": "Europe"}, {"Region": "Australia and Oceania", "Country": "Samoa ", "Item Type": "Meat", "Sales Channel": "Offline", "Order Priority": "L", "Order Date": "2011-05-31", "Order ID": "321140081", "Ship Date": "2014-05-24", "Units Sold": 9576.0, "Unit Price": 232.52, "Unit Cost": 156.21, "Total Revenue": 2226611.52, "Total Cost": 1495866.96, "Total Profit": 730744.56, "ItemID": "MTURKMEA0048UN", "Supplier": "Fegro-US", "SuplierRegion": "United States of America", "SuplierCountry": "North America"}, {"Region": "Sub-Saharan Africa", "Country": "Central African Republic", "Item Type": "Clothes", "Sales Channel": "Online", "Order Priority": "M", "Order Date": "2017-04-21", "Order ID": "397931761", "Ship Date": "2021-08-26", "Units Sold": 9413.0, "Unit Price": 98.35, "Unit Cost": 30.46, "Total Revenue": 925768.55, "Total Cost": 286719.98, "Total Profit": 639048.57, "ItemID": "AKAZACLO0009GE", "Supplier": "H&M-DE", "SuplierRegion": "Germany", "SuplierCountry": "Europe"}, {"Region": "Sub-Saharan Africa", "Country": "Seychelles ", "Item Type": "Clothes", "Sales Channel": "Offline", "Order Priority": "L", "Order Date": "2012-08-24", "Order ID": "908039376", "Ship Date": "2016-01-18", "Units Sold": 1867.0, "Unit Price": 229.59, "Unit Cost": 187.71, "Total Revenue": 428644.53, "Total Cost": 350454.57, "Total Profit": 78189.96, "ItemID": "EBOSNCLO0057EN", "Supplier": "H&M-NL", "SuplierRegion": "Europe", "SuplierCountry": "Netherlands"}, {"Region": "Central America and the Caribbean", "Country": "Belize", "Item Type": "Office Supplies", "Sales Channel": "Offline", "Order Priority": "H", "Order Date": "2020-07-11", "Order ID": "630251316", "Ship Date": "2021-10-02", "Units Sold": 1944.0, "Unit Price": 145.44, "Unit Cost": 150.95, "Total Revenue": 282735.36, "Total Cost": 293446.8, "Total Profit": "-10711,44", "ItemID": "ECZECOFF0061ES", "Supplier": "Staples-ESP", "SuplierRegion": "Europe", "SuplierCountry": "Spain"}, {"Region": "Sub-Saharan Africa", "Country": "Mauritania", "Item Type": "Household", "Sales Channel": "Offline", "Order Priority": "H", "Order Date": "2018-07-27", "Order ID": "309949594", "Ship Date": "2019-04-27", "Units Sold": 6681.0, "Unit Price": 170.86, "Unit Cost": 172.13, "Total Revenue": 1141515.66, "Total Cost": 1150000.53, "Total Profit": "-8484,87", "ItemID": "EBULGHOU0058EN", "Supplier": "Wholesale-NL", "SuplierRegion": "Europe", "SuplierCountry": "Netherlands"}, {"Region": "Australia and Oceania", "Country": "Tuvalu", "Item Type": "Household", "Sales Channel": "Online", "Order Priority": "M", "Order Date": "2011-08-14", "Order ID": "960752166", "Ship Date": "2023-05-14", "Units Sold": 143.0, "Unit Price": 180.33, "Unit Cost": 156.74, "Total Revenue": 25787.19, "Total Cost": 22413.82, "Total Profit": 3373.37, "ItemID": "EICELHOU0070ES", "Supplier": "Wholesale-ESP", "SuplierRegion": "Europe", "SuplierCountry": "Spain"}, {"Region": "Europe", "Country": "Ireland", "Item Type": "Fruits", "Sales Channel": "Offline", "Order Priority": "H", "Order Date": "2014-01-17", "Order ID": "963835666", "Ship Date": "2017-04-01", "Units Sold": 8431.0, "Unit Price": 8.77, "Unit Cost": 5.47, "Total Revenue": 73939.87, "Total Cost": 46117.57, "Total Profit": 27822.3, "ItemID": "ABRUNFRU0003GE", "Supplier": "Penny-DE", "SuplierRegion": "Germany", "SuplierCountry": "Europe"}, {"Region": "Central America and the Caribbean", "Country": "Saint Vincent and the Grenadines", "Item Type": "Household", "Sales Channel": "Online", "Order Priority": "L", "Order Date": "2011-10-08", "Order ID": "257969743", "Ship Date": "2021-12-25", "Units Sold": 4674.0, "Unit Price": 254.23, "Unit Cost": 147.57, "Total Revenue": 1188271.02, "Total Cost": 689742.18, "Total Profit": 498528.84, "ItemID": "MIRAQHOU0034MT", "Supplier": "Wholesale-TUR", "SuplierRegion": "Middle East and North Africa", "SuplierCountry": "Turkey"}, {"Region": "Europe", "Country": "Germany", "Item Type": "Beverages", "Sales Channel": "Offline", "Order Priority": "H", "Order Date": "2021-07-01", "Order ID": "518473475", "Ship Date": "2023-07-16", "Units Sold": 4032.0, "Unit Price": 49.82, "Unit Cost": 24.16, "Total Revenue": 200874.24, "Total Cost": 97413.12, "Total Profit": 103461.12, "ItemID": "AINDOBEV0007GE", "Supplier": "WIFA-DE", "SuplierRegion": "Germany", "SuplierCountry": "Europe"}, {"Region": "Europe", "Country": "Portugal", "Item Type": "Cosmetics", "Sales Channel": "Online", "Order Priority": "M", "Order Date": "2017-09-07", "Order ID": "119490757", "Ship Date": "2023-06-11", "Units Sold": 8699.0, "Unit Price": 172.09, "Unit Cost": 154.56, "Total Revenue": 1497010.91, "Total Cost": 1344517.44, "Total Profit": 152493.47, "ItemID": "MMOROCOS0040UN", "Supplier": "Beauty-US", "SuplierRegion": "United States of America", "SuplierCountry": "North America"}, {"Region": "Sub-Saharan Africa", "Country": "Malawi", "Item Type": "Personal Care", "Sales Channel": "Offline", "Order Priority": "H", "Order Date": "2015-11-26", "Order ID": "248664130", "Ship Date": "2021-11-11", "Units Sold": 2898.0, "Unit Price": 156.05, "Unit Cost": 160.47, "Total Revenue": 452232.9, "Total Cost": 465042.06, "Total Profit": "-12809,16", "ItemID": "ECROAPER0059EN", "Supplier": "Health-NL", "SuplierRegion": "Europe", "SuplierCountry": "Netherlands"}, {"Region": "Central America and the Caribbean", "Country": "Guatemala", "Item Type": "Vegetables", "Sales Channel": "Offline", "Order Priority": "C", "Order Date": "2011-05-31", "Order ID": "776122326", "Ship Date": "2013-09-15", "Units Sold": 7884.0, "Unit Price": 250.48, "Unit Cost": 182.08, "Total Revenue": 1974784.32, "Total Cost": 1435518.72, "Total Profit": 539265.6, "ItemID": "MYEMEVEG0050EN", "Supplier": "Edeka-NL", "SuplierRegion": "Europe", "SuplierCountry": "Netherlands"}, {"Region": "Asia", "Country": "Bhutan", "Item Type": "Household", "Sales Channel": "Online", "Order Priority": "M", "Order Date": "2020-03-07", "Order ID": "913026938", "Ship Date": "2021-02-16", "Units Sold": 6942.0, "Unit Price": 628.17, "Unit Cost": 452.29, "Total Revenue": 4360756.14, "Total Cost": 3139797.18, "Total Profit": 1220958.96, "ItemID": "ATAIWHOU0022UE", "Supplier": "Wholesale-UK", "SuplierRegion": "United Kingdom", "SuplierCountry": "Europe"}, {"Region": "Europe", "Country": "Switzerland", "Item Type": "Clothes", "Sales Channel": "Offline", "Order Priority": "H", "Order Date": "2014-08-02", "Order ID": "916001482", "Ship Date": "2019-10-24", "Units Sold": 392.0, "Unit Price": 211.43, "Unit Cost": 147.81, "Total Revenue": 82880.56, "Total Cost": 57941.52, "Total Profit": 24939.04, "ItemID": "MSOMACLO0045UN", "Supplier": "H&M-US", "SuplierRegion": "United States of America", "SuplierCountry": "North America"}, {"Region": "Europe", "Country": "Vatican City", "Item Type": "Baby Food", "Sales Channel": "Offline", "Order Priority": "L", "Order Date": "2021-05-07", "Order ID": "155019563", "Ship Date": "2021-09-14", "Units Sold": 580.0, "Unit Price": 192.5, "Unit Cost": 171.93, "Total Revenue": 111650.0, "Total Cost": 99719.4, "Total Profit": 11930.6, "ItemID": "EGEORBAB0066ES", "Supplier": "Hipp-ESP", "SuplierRegion": "Europe", "SuplierCountry": "Spain"}, {"Region": "Sub-Saharan Africa", "Country": "Sao Tome and Principe", "Item Type": "Personal Care", "Sales Channel": "Online", "Order Priority": "M", "Order Date": "2023-02-11", "Order ID": "616794774", "Ship Date": "2023-06-09", "Units Sold": 6887.0, "Unit Price": 71.11, "Unit Cost": 52.14, "Total Revenue": 489734.57, "Total Cost": 359088.18, "Total Profit": 130646.39, "ItemID": "ATAJIPER0023UE", "Supplier": "Health-UK", "SuplierRegion": "United Kingdom", "SuplierCountry": "Europe"}, {"Region": "Middle East and North Africa", "Country": "Bahrain", "Item Type": "Baby Food", "Sales Channel": "Offline", "Order Priority": "H", "Order Date": "2014-10-05", "Order ID": "908449208", "Ship Date": "2020-03-23", "Units Sold": 724.0, "Unit Price": 201.67, "Unit Cost": 140.29, "Total Revenue": 146009.08, "Total Cost": 101569.96, "Total Profit": 44439.12, "ItemID": "ANEPABAB0018UE", "Supplier": "Hipp-UK", "SuplierRegion": "United Kingdom", "SuplierCountry": "Europe"}, {"Region": "Central America and the Caribbean", "Country": "Antigua and Barbuda ", "Item Type": "Personal Care", "Sales Channel": "Online", "Order Priority": "M", "Order Date": "2011-05-12", "Order ID": "251835089", "Ship Date": "2014-10-02", "Units Sold": 534.0, "Unit Price": 197.58, "Unit Cost": 189.14, "Total Revenue": 105507.72, "Total Cost": 101000.76, "Total Profit": 4506.96, "ItemID": "EIRELPER0071ES", "Supplier": "Health-ESP", "SuplierRegion": "Europe", "SuplierCountry": "Spain"}, {"Region": "Australia and Oceania", "Country": "Papua New Guinea", "Item Type": "Household", "Sales Channel": "Offline", "Order Priority": "L", "Order Date": "2011-06-21", "Order ID": "255417597", "Ship Date": "2018-06-12", "Units Sold": 6790.0, "Unit Price": 641.54, "Unit Cost": 472.39, "Total Revenue": 4356056.6, "Total Cost": 3207528.1, "Total Profit": 1148528.5, "ItemID": "ANORTHOU0010GE", "Supplier": "Wholesale-DE", "SuplierRegion": "Germany", "SuplierCountry": "Europe"}, {"Region": "Sub-Saharan Africa", "Country": "Lesotho", "Item Type": "Snacks", "Sales Channel": "Online", "Order Priority": "H", "Order Date": "2023-12-09", "Order ID": "290723680", "Ship Date": "2024-01-01", "Units Sold": 6996.0, "Unit Price": 169.36, "Unit Cost": 87.7, "Total Revenue": 1184842.56, "Total Cost": 613549.2, "Total Profit": 571293.36, "ItemID": "AJAPASNA0008GE", "Supplier": "Edeka-DE", "SuplierRegion": "Germany", "SuplierCountry": "Europe"}, {"Region": "Middle East and North Africa", "Country": "Syria", "Item Type": "Office Supplies", "Sales Channel": "Online", "Order Priority": "M", "Order Date": "2015-09-20", "Order ID": "336065237", "Ship Date": "2019-02-21", "Units Sold": 690.0, "Unit Price": 213.85, "Unit Cost": 156.42, "Total Revenue": 147556.5, "Total Cost": 107929.8, "Total Profit": 39626.7, "ItemID": "MUNITOFF0049EN", "Supplier": "Staples-NL", "SuplierRegion": "Europe", "SuplierCountry": "Netherlands"}, {"Region": "Australia and Oceania", "Country": "Tonga", "Item Type": "Baby Food", "Sales Channel": "Offline", "Order Priority": "L", "Order Date": "2015-06-05", "Order ID": "483939869", "Ship Date": "2020-03-01", "Units Sold": 4439.0, "Unit Price": 221.44, "Unit Cost": 173.45, "Total Revenue": 982972.16, "Total Cost": 769944.55, "Total Profit": 213027.61, "ItemID": "MAZERBAB0030MT", "Supplier": "Hipp-TUR", "SuplierRegion": "Middle East and North Africa", "SuplierCountry": "Turkey"}, {"Region": "North America", "Country": "Greenland", "Item Type": "Cosmetics", "Sales Channel": "Offline", "Order Priority": "L", "Order Date": "2013-11-10", "Order ID": "267791784", "Ship Date": "2015-01-03", "Units Sold": 6840.0, "Unit Price": 419.71, "Unit Cost": 229.1, "Total Revenue": 2870816.4, "Total Cost": 1567044.0, "Total Profit": 1303772.4, "ItemID": "AMONGCOS0016UE", "Supplier": "Beauty-UK", "SuplierRegion": "United Kingdom", "SuplierCountry": "Europe"}, {"Region": "Sub-Saharan Africa", "Country": "Mozambique", "Item Type": "Vegetables", "Sales Channel": "Offline", "Order Priority": "H", "Order Date": "2020-07-27", "Order ID": "561358954", "Ship Date": "2023-10-25", "Units Sold": 3524.0, "Unit Price": 212.19, "Unit Cost": 178.99, "Total Revenue": 747757.56, "Total Cost": 630760.76, "Total Profit": 116996.8, "ItemID": "EDENMVEG0062ES", "Supplier": "Edeka-ESP", "SuplierRegion": "Europe", "SuplierCountry": "Spain"}, {"Region": "Central America and the Caribbean", "Country": "Saint Vincent and the Grenadines", "Item Type": "Cosmetics", "Sales Channel": "Offline", "Order Priority": "H", "Order Date": "2017-06-18", "Order ID": "509627626", "Ship Date": "2021-01-26", "Units Sold": 2153.0, "Unit Price": 242.36, "Unit Cost": 178.69, "Total Revenue": 521801.08, "Total Cost": 384719.57, "Total Profit": 137081.51, "ItemID": "MAFGHCOS0028MT", "Supplier": "Beauty-TUR", "SuplierRegion": "Middle East and North Africa", "SuplierCountry": "Turkey"}, {"Region": "Middle East and North Africa", "Country": "Oman", "Item Type": "Office Supplies", "Sales Channel": "Offline", "Order Priority": "H", "Order Date": "2012-10-11", "Order ID": "336145892", "Ship Date": "2020-12-31", "Units Sold": 7418.0, "Unit Price": 213.85, "Unit Cost": 156.42, "Total Revenue": 1586339.3, "Total Cost": 1160323.56, "Total Profit": 426015.74, "ItemID": "MUNITOFF0049EN", "Supplier": "Staples-NL", "SuplierRegion": "Europe", "SuplierCountry": "Netherlands"}, {"Region": "Central America and the Caribbean", "Country": "Nicaragua", "Item Type": "Personal Care", "Sales Channel": "Online", "Order Priority": "C", "Order Date": "2015-05-28", "Order ID": "559979863", "Ship Date": "2017-11-12", "Units Sold": 6043.0, "Unit Price": 197.58, "Unit Cost": 189.14, "Total Revenue": 1193975.94, "Total Cost": 1142973.02, "Total Profit": 51002.92, "ItemID": "EIRELPER0071ES", "Supplier": "Health-ESP", "SuplierRegion": "Europe", "SuplierCountry": "Spain"}, {"Region": "Europe", "Country": "Germany", "Item Type": "Office Supplies", "Sales Channel": "Online", "Order Priority": "C", "Order Date": "2010-10-17", "Order ID": "789568195", "Ship Date": "2012-06-11", "Units Sold": 1783.0, "Unit Price": 258.33, "Unit Cost": 147.67, "Total Revenue": 460602.39, "Total Cost": 263295.61, "Total Profit": 197306.78, "ItemID": "ATURKOFF0025MT", "Supplier": "Staples-TUR", "SuplierRegion": "Middle East and North Africa", "SuplierCountry": "Turkey"}, {"Region": "Sub-Saharan Africa", "Country": "Kenya", "Item Type": "Personal Care", "Sales Channel": "Online", "Order Priority": "C", "Order Date": "2017-02-16", "Order ID": "734304580", "Ship Date": "2017-06-06", "Units Sold": 424.0, "Unit Price": 96.44, "Unit Cost": 43.07, "Total Revenue": 40890.56, "Total Cost": 18261.68, "Total Profit": 22628.88, "ItemID": "ASOUTPER0011GE", "Supplier": "Health-DE", "SuplierRegion": "Germany", "SuplierCountry": "Europe"}, {"Region": "Sub-Saharan Africa", "Country": "Angola", "Item Type": "Baby Food", "Sales Channel": "Online", "Order Priority": "C", "Order Date": "2022-06-25", "Order ID": "255445329", "Ship Date": "2022-08-04", "Units Sold": 4784.0, "Unit Price": 256.84, "Unit Cost": 154.97, "Total Revenue": 1228722.56, "Total Cost": 741376.48, "Total Profit": 487346.08, "ItemID": "MPAKIBAB0042UN", "Supplier": "Hipp-US", "SuplierRegion": "United States of America", "SuplierCountry": "North America"}, {"Region": "Central America and the Caribbean", "Country": "Trinidad and Tobago", "Item Type": "Fruits", "Sales Channel": "Offline", "Order Priority": "L", "Order Date": "2014-05-24", "Order ID": "689613382", "Ship Date": "2015-04-12", "Units Sold": 9711.0, "Unit Price": 7.65, "Unit Cost": 6.37, "Total Revenue": 74289.15, "Total Cost": 61859.07, "Total Profit": 12430.08, "ItemID": "AMALDFRU0015UE", "Supplier": "Penny-UK", "SuplierRegion": "United Kingdom", "SuplierCountry": "Europe"}, {"Region": "Sub-Saharan Africa", "Country": "Mali", "Item Type": "Vegetables", "Sales Channel": "Online", "Order Priority": "L", "Order Date": "2010-01-13", "Order ID": "466537396", "Ship Date": "2017-09-18", "Units Sold": 7085.0, "Unit Price": 291.48, "Unit Cost": 153.56, "Total Revenue": 2065135.8, "Total Cost": 1087972.6, "Total Profit": 977163.2, "ItemID": "AUZBEVEG0026MT", "Supplier": "Edeka-TUR", "SuplierRegion": "Middle East and North Africa", "SuplierCountry": "Turkey"}, {"Region": "Asia", "Country": "North Korea", "Item Type": "Baby Food", "Sales Channel": "Offline", "Order Priority": "C", "Order Date": "2023-09-20", "Order ID": "640193628", "Ship Date": "2023-11-17", "Units Sold": 818.0, "Unit Price": 230.92, "Unit Cost": 181.07, "Total Revenue": 188892.56, "Total Cost": 148115.26, "Total Profit": 40777.3, "ItemID": "EAUSTBAB0054EN", "Supplier": "Hipp-NL", "SuplierRegion": "Europe", "SuplierCountry": "Netherlands"}, {"Region": "Sub-Saharan Africa", "Country": "Democratic Republic of the Congo", "Item Type": "Cereal", "Sales Channel": "Online", "Order Priority": "L", "Order Date": "2016-02-14", "Order ID": "200933106", "Ship Date": "2022-12-26", "Units Sold": 1851.0, "Unit Price": 130.4, "Unit Cost": 183.69, "Total Revenue": 241370.4, "Total Cost": 340010.19, "Total Profit": "-98639,79", "ItemID": "EFRANCER0065ES", "Supplier": "Rewe-ESP", "SuplierRegion": "Europe", "SuplierCountry": "Spain"}, {"Region": "Asia", "Country": "China", "Item Type": "Personal Care", "Sales Channel": "Offline", "Order Priority": "M", "Order Date": "2014-02-28", "Order ID": "926092038", "Ship Date": "2023-02-28", "Units Sold": 3158.0, "Unit Price": 171.87, "Unit Cost": 175.5, "Total Revenue": 542765.46, "Total Cost": 554229.0, "Total Profit": "-11463,54", "ItemID": "MTUNIPER0047UN", "Supplier": "Health-US", "SuplierRegion": "United States of America", "SuplierCountry": "North America"}, {"Region": "Central America and the Caribbean", "Country": "Belize", "Item Type": "Meat", "Sales Channel": "Online", "Order Priority": "H", "Order Date": "2022-01-08", "Order ID": "702392254", "Ship Date": "2022-11-18", "Units Sold": 4744.0, "Unit Price": 232.52, "Unit Cost": 156.21, "Total Revenue": 1103074.88, "Total Cost": 741060.24, "Total Profit": 362014.64, "ItemID": "MTURKMEA0048UN", "Supplier": "Fegro-US", "SuplierRegion": "United States of America", "SuplierCountry": "North America"}, {"Region": "Sub-Saharan Africa", "Country": "Sierra Leone", "Item Type": "Household", "Sales Channel": "Online", "Order Priority": "L", "Order Date": "2020-05-09", "Order ID": "606525449", "Ship Date": "2023-07-09", "Units Sold": 8645.0, "Unit Price": 180.33, "Unit Cost": 156.74, "Total Revenue": 1558952.85, "Total Cost": 1355017.3, "Total Profit": 203935.55, "ItemID": "EICELHOU0070ES", "Supplier": "Wholesale-ESP", "SuplierRegion": "Europe", "SuplierCountry": "Spain"}, {"Region": "Sub-Saharan Africa", "Country": "Madagascar", "Item Type": "Cereal", "Sales Channel": "Online", "Order Priority": "C", "Order Date": "2014-06-21", "Order ID": "570349697", "Ship Date": "2023-10-02", "Units Sold": 3929.0, "Unit Price": 274.76, "Unit Cost": 150.38, "Total Revenue": 1079532.04, "Total Cost": 590843.02, "Total Profit": 488689.02, "ItemID": "MALGECER0029MT", "Supplier": "Rewe-TUR", "SuplierRegion": "Middle East and North Africa", "SuplierCountry": "Turkey"}, {"Region": "Asia", "Country": "Uzbekistan", "Item Type": "Beverages", "Sales Channel": "Offline", "Order Priority": "M", "Order Date": "2017-03-25", "Order ID": "874713757", "Ship Date": "2022-07-02", "Units Sold": 1694.0, "Unit Price": 49.82, "Unit Cost": 24.16, "Total Revenue": 84395.08, "Total Cost": 40927.04, "Total Profit": 43468.04, "ItemID": "AINDOBEV0007GE", "Supplier": "WIFA-DE", "SuplierRegion": "Germany", "SuplierCountry": "Europe"}, {"Region": "Asia", "Country": "Kyrgyzstan", "Item Type": "Cosmetics", "Sales Channel": "Online", "Order Priority": "M", "Order Date": "2019-02-25", "Order ID": "140994182", "Ship Date": "2023-08-28", "Units Sold": 70.0, "Unit Price": 341.02, "Unit Cost": 229.1, "Total Revenue": 23871.4, "Total Cost": 16037.0, "Total Profit": 7834.4, "ItemID": "ACAMBCOS0004GE", "Supplier": "Beauty-DE", "SuplierRegion": "Germany", "SuplierCountry": "Europe"}, {"Region": "Central America and the Caribbean", "Country": "Nicaragua", "Item Type": "Snacks", "Sales Channel": "Offline", "Order Priority": "H", "Order Date": "2020-05-01", "Order ID": "478687472", "Ship Date": "2023-01-29", "Units Sold": 9219.0, "Unit Price": 256.5, "Unit Cost": 145.67, "Total Revenue": 2364673.5, "Total Cost": 1342931.73, "Total Profit": 1021741.77, "ItemID": "MSAUDSNA0044UN", "Supplier": "Edeka-US", "SuplierRegion": "United States of America", "SuplierCountry": "North America"}, {"Region": "Europe", "Country": "Belarus", "Item Type": "Fruits", "Sales Channel": "Online", "Order Priority": "C", "Order Date": "2023-04-02", "Order ID": "236949182", "Ship Date": "2023-08-20", "Units Sold": 6332.0, "Unit Price": 200.95, "Unit Cost": 173.25, "Total Revenue": 1272415.4, "Total Cost": 1097019.0, "Total Profit": 175396.4, "ItemID": "EESTOFRU0063ES", "Supplier": "Penny-ESP", "SuplierRegion": "Europe", "SuplierCountry": "Spain"}, {"Region": "Europe", "Country": "Liechtenstein", "Item Type": "Office Supplies", "Sales Channel": "Online", "Order Priority": "C", "Order Date": "2023-05-22", "Order ID": "967134960", "Ship Date": "2023-11-30", "Units Sold": 634.0, "Unit Price": 258.33, "Unit Cost": 147.67, "Total Revenue": 163781.22, "Total Cost": 93622.78, "Total Profit": 70158.44, "ItemID": "ATURKOFF0025MT", "Supplier": "Staples-TUR", "SuplierRegion": "Middle East and North Africa", "SuplierCountry": "Turkey"}, {"Region": "Sub-Saharan Africa", "Country": "Burkina Faso", "Item Type": "Personal Care", "Sales Channel": "Offline", "Order Priority": "H", "Order Date": "2013-06-16", "Order ID": "762225023", "Ship Date": "2018-04-24", "Units Sold": 8378.0, "Unit Price": 71.11, "Unit Cost": 52.14, "Total Revenue": 595759.58, "Total Cost": 436828.92, "Total Profit": 158930.66, "ItemID": "ATAJIPER0023UE", "Supplier": "Health-UK", "SuplierRegion": "United Kingdom", "SuplierCountry": "Europe"}, {"Region": "Sub-Saharan Africa", "Country": "Ethiopia", "Item Type": "Baby Food", "Sales Channel": "Offline", "Order Priority": "L", "Order Date": "2014-09-15", "Order ID": "571367240", "Ship Date": "2022-10-28", "Units Sold": 7852.0, "Unit Price": 221.44, "Unit Cost": 173.45, "Total Revenue": 1738746.88, "Total Cost": 1361929.4, "Total Profit": 376817.48, "ItemID": "MAZERBAB0030MT", "Supplier": "Hipp-TUR", "SuplierRegion": "Middle East and North Africa", "SuplierCountry": "Turkey"}, {"Region": "Central America and the Caribbean", "Country": "Nicaragua", "Item Type": "Beverages", "Sales Channel": "Offline", "Order Priority": "C", "Order Date": "2017-07-05", "Order ID": "616959675", "Ship Date": "2021-06-03", "Units Sold": 4372.0, "Unit Price": 49.82, "Unit Cost": 24.16, "Total Revenue": 217813.04, "Total Cost": 105627.52, "Total Profit": 112185.52, "ItemID": "AINDOBEV0007GE", "Supplier": "WIFA-DE", "SuplierRegion": "Germany", "SuplierCountry": "Europe"}, {"Region": "Middle East and North Africa", "Country": "Pakistan", "Item Type": "Meat", "Sales Channel": "Online", "Order Priority": "C", "Order Date": "2015-10-02", "Order ID": "751762859", "Ship Date": "2017-09-05", "Units Sold": 5288.0, "Unit Price": 493.61, "Unit Cost": 328.22, "Total Revenue": 2610209.68, "Total Cost": 1735627.36, "Total Profit": 874582.32, "ItemID": "AKYRGMEA0012GE", "Supplier": "Fegro-DE", "SuplierRegion": "Germany", "SuplierCountry": "Europe"}, {"Region": "Sub-Saharan Africa", "Country": "Namibia", "Item Type": "Fruits", "Sales Channel": "Online", "Order Priority": "H", "Order Date": "2017-02-17", "Order ID": "796658714", "Ship Date": "2023-06-05", "Units Sold": 4979.0, "Unit Price": 7.65, "Unit Cost": 6.37, "Total Revenue": 38089.35, "Total Cost": 31716.23, "Total Profit": 6373.12, "ItemID": "AMALDFRU0015UE", "Supplier": "Penny-UK", "SuplierRegion": "United Kingdom", "SuplierCountry": "Europe"}, {"Region": "Central America and the Caribbean", "Country": "Nicaragua", "Item Type": "Office Supplies", "Sales Channel": "Offline", "Order Priority": "H", "Order Date": "2018-12-23", "Order ID": "770017990", "Ship Date": "2021-04-22", "Units Sold": 9857.0, "Unit Price": 696.79, "Unit Cost": 493.46, "Total Revenue": 6868259.03, "Total Cost": 4864035.22, "Total Profit": 2004223.81, "ItemID": "ALAOSOFF0013UE", "Supplier": "Staples-UK", "SuplierRegion": "United Kingdom", "SuplierCountry": "Europe"}, {"Region": "Middle East and North Africa", "Country": "Lebanon", "Item Type": "Vegetables", "Sales Channel": "Offline", "Order Priority": "C", "Order Date": "2011-05-28", "Order ID": "889090919", "Ship Date": "2021-02-04", "Units Sold": 3362.0, "Unit Price": 212.19, "Unit Cost": 178.99, "Total Revenue": 713382.78, "Total Cost": 601764.38, "Total Profit": 111618.4, "ItemID": "EDENMVEG0062ES", "Supplier": "Edeka-ESP", "SuplierRegion": "Europe", "SuplierCountry": "Spain"}, {"Region": "Asia", "Country": "Brunei", "Item Type": "Meat", "Sales Channel": "Online", "Order Priority": "C", "Order Date": "2015-06-06", "Order ID": "340272171", "Ship Date": "2019-03-18", "Units Sold": 971.0, "Unit Price": 345.95, "Unit Cost": 309.99, "Total Revenue": 335917.45, "Total Cost": 301000.29, "Total Profit": 34917.16, "ItemID": "ATHAIMEA0024UE", "Supplier": "Fegro-UK", "SuplierRegion": "United Kingdom", "SuplierCountry": "Europe"}, {"Region": "Australia and Oceania", "Country": "Australia", "Item Type": "Vegetables", "Sales Channel": "Offline", "Order Priority": "C", "Order Date": "2021-12-20", "Order ID": "314170919", "Ship Date": "2022-11-28", "Units Sold": 5186.0, "Unit Price": 216.09, "Unit Cost": 179.19, "Total Revenue": 1120642.74, "Total Cost": 929279.34, "Total Profit": 191363.4, "ItemID": "MLEBAVEG0038UN", "Supplier": "Edeka-US", "SuplierRegion": "United States of America", "SuplierCountry": "North America"}, {"Region": "Sub-Saharan Africa", "Country": "Burkina Faso", "Item Type": "Fruits", "Sales Channel": "Offline", "Order Priority": "L", "Order Date": "2010-02-04", "Order ID": "868745826", "Ship Date": "2015-05-28", "Units Sold": 545.0, "Unit Price": 183.5, "Unit Cost": 160.75, "Total Revenue": 100007.5, "Total Cost": 87608.75, "Total Profit": 12398.75, "ItemID": "EALBAFRU0051EN", "Supplier": "Penny-NL", "SuplierRegion": "Europe", "SuplierCountry": "Netherlands"}, {"Region": "Europe", "Country": "Macedonia", "Item Type": "Snacks", "Sales Channel": "Online", "Order Priority": "L", "Order Date": "2016-05-05", "Order ID": "500124365", "Ship Date": "2019-03-08", "Units Sold": 8615.0, "Unit Price": 169.59, "Unit Cost": 170.37, "Total Revenue": 1461017.85, "Total Cost": 1467737.55, "Total Profit": "-6719,70", "ItemID": "EGREESNA0068ES", "Supplier": "Edeka-ESP", "SuplierRegion": "Europe", "SuplierCountry": "Spain"}, {"Region": "Middle East and North Africa", "Country": "Iran", "Item Type": "Household", "Sales Channel": "Online", "Order Priority": "M", "Order Date": "2013-03-28", "Order ID": "969931749", "Ship Date": "2019-11-08", "Units Sold": 2994.0, "Unit Price": 158.68, "Unit Cost": 163.59, "Total Revenue": 475087.92, "Total Cost": 489788.46, "Total Profit": "-14700,54", "ItemID": "MSYRIHOU0046UN", "Supplier": "Wholesale-US", "SuplierRegion": "United States of America", "SuplierCountry": "North America"}, {"Region": "Europe", "Country": "Greece", "Item Type": "Cosmetics", "Sales Channel": "Offline", "Order Priority": "M", "Order Date": "2022-09-15", "Order ID": "703535836", "Ship Date": "2023-07-15", "Units Sold": 4312.0, "Unit Price": 341.02, "Unit Cost": 229.1, "Total Revenue": 1470478.24, "Total Cost": 987879.2, "Total Profit": 482599.04, "ItemID": "ACAMBCOS0004GE", "Supplier": "Beauty-DE", "SuplierRegion": "Germany", "SuplierCountry": "Europe"}, {"Region": "Europe", "Country": "Bosnia and Herzegovina", "Item Type": "Baby Food", "Sales Channel": "Online", "Order Priority": "C", "Order Date": "2021-10-10", "Order ID": "842002520", "Ship Date": "2023-03-09", "Units Sold": 5230.0, "Unit Price": 230.92, "Unit Cost": 181.07, "Total Revenue": 1207711.6, "Total Cost": 946996.1, "Total Profit": 260715.5, "ItemID": "EAUSTBAB0054EN", "Supplier": "Hipp-NL", "SuplierRegion": "Europe", "SuplierCountry": "Netherlands"}, {"Region": "Sub-Saharan Africa", "Country": "Cameroon", "Item Type": "Snacks", "Sales Channel": "Offline", "Order Priority": "C", "Order Date": "2011-12-31", "Order ID": "130063423", "Ship Date": "2015-07-16", "Units Sold": 5442.0, "Unit Price": 169.36, "Unit Cost": 87.7, "Total Revenue": 921657.12, "Total Cost": 477263.4, "Total Profit": 444393.72, "ItemID": "AJAPASNA0008GE", "Supplier": "Edeka-DE", "SuplierRegion": "Germany", "SuplierCountry": "Europe"}, {"Region": "Asia", "Country": "Taiwan", "Item Type": "Fruits", "Sales Channel": "Online", "Order Priority": "H", "Order Date": "2010-12-28", "Order ID": "239739622", "Ship Date": "2020-01-14", "Units Sold": 6669.0, "Unit Price": 200.95, "Unit Cost": 173.25, "Total Revenue": 1340135.55, "Total Cost": 1155404.25, "Total Profit": 184731.3, "ItemID": "EESTOFRU0063ES", "Supplier": "Penny-ESP", "SuplierRegion": "Europe", "SuplierCountry": "Spain"}, {"Region": "Central America and the Caribbean", "Country": "Barbados", "Item Type": "Cereal", "Sales Channel": "Offline", "Order Priority": "C", "Order Date": "2018-07-10", "Order ID": "803354008", "Ship Date": "2019-05-06", "Units Sold": 7668.0, "Unit Price": 201.57, "Unit Cost": 158.63, "Total Revenue": 1545638.76, "Total Cost": 1216374.84, "Total Profit": 329263.92, "ItemID": "MOMANCER0041UN", "Supplier": "Rewe-US", "SuplierRegion": "United States of America", "SuplierCountry": "North America"}, {"Region": "Sub-Saharan Africa", "Country": "Uganda", "Item Type": "Beverages", "Sales Channel": "Offline", "Order Priority": "H", "Order Date": "2017-08-17", "Order ID": "517418654", "Ship Date": "2019-08-04", "Units Sold": 9225.0, "Unit Price": 49.82, "Unit Cost": 24.16, "Total Revenue": 459589.5, "Total Cost": 222876.0, "Total Profit": 236713.5, "ItemID": "AINDOBEV0007GE", "Supplier": "WIFA-DE", "SuplierRegion": "Germany", "SuplierCountry": "Europe"}, {"Region": "Europe", "Country": "Luxembourg", "Item Type": "Meat", "Sales Channel": "Online", "Order Priority": "C", "Order Date": "2020-07-20", "Order ID": "388753550", "Ship Date": "2023-07-29", "Units Sold": 9156.0, "Unit Price": 493.61, "Unit Cost": 328.22, "Total Revenue": 4519493.16, "Total Cost": 3005182.32, "Total Profit": 1514310.84, "ItemID": "AKYRGMEA0012GE", "Supplier": "Fegro-DE", "SuplierRegion": "Germany", "SuplierCountry": "Europe"}, {"Region": "Middle East and North Africa", "Country": "Saudi Arabia", "Item Type": "Clothes", "Sales Channel": "Offline", "Order Priority": "L", "Order Date": "2013-04-22", "Order ID": "103787875", "Ship Date": "2013-09-18", "Units Sold": 7310.0, "Unit Price": 229.59, "Unit Cost": 187.71, "Total Revenue": 1678302.9, "Total Cost": 1372160.1, "Total Profit": 306142.8, "ItemID": "EBOSNCLO0057EN", "Supplier": "H&M-NL", "SuplierRegion": "Europe", "SuplierCountry": "Netherlands"}, {"Region": "Sub-Saharan Africa", "Country": "Zimbabwe", "Item Type": "Vegetables", "Sales Channel": "Offline", "Order Priority": "C", "Order Date": "2015-10-24", "Order ID": "514770278", "Ship Date": "2019-09-14", "Units Sold": 568.0, "Unit Price": 212.19, "Unit Cost": 178.99, "Total Revenue": 120523.92, "Total Cost": 101666.32, "Total Profit": 18857.6, "ItemID": "EDENMVEG0062ES", "Supplier": "Edeka-ESP", "SuplierRegion": "Europe", "SuplierCountry": "Spain"}, {"Region": "Sub-Saharan Africa", "Country": "Togo", "Item Type": "Fruits", "Sales Channel": "Online", "Order Priority": "M", "Order Date": "2023-02-20", "Order ID": "496878246", "Ship Date": "2023-06-06", "Units Sold": 7841.0, "Unit Price": 257.04, "Unit Cost": 154.35, "Total Revenue": 2015450.64, "Total Cost": 1210258.35, "Total Profit": 805192.29, "ItemID": "MLIBYFRU0039UN", "Supplier": "Penny-US", "SuplierRegion": "United States of America", "SuplierCountry": "North America"}, {"Region": "Asia", "Country": "Bangladesh", "Item Type": "Fruits", "Sales Channel": "Offline", "Order Priority": "L", "Order Date": "2015-07-24", "Order ID": "638156399", "Ship Date": "2021-12-20", "Units Sold": 5070.0, "Unit Price": 200.95, "Unit Cost": 173.25, "Total Revenue": 1018816.5, "Total Cost": 878377.5, "Total Profit": 140439.0, "ItemID": "EESTOFRU0063ES", "Supplier": "Penny-ESP", "SuplierRegion": "Europe", "SuplierCountry": "Spain"}, {"Region": "Australia and Oceania", "Country": "Federated States of Micronesia", "Item Type": "Vegetables", "Sales Channel": "Offline", "Order Priority": "H", "Order Date": "2023-04-03", "Order ID": "547310572", "Ship Date": "2023-11-05", "Units Sold": 229.0, "Unit Price": 146.36, "Unit Cost": 70.93, "Total Revenue": 33516.44, "Total Cost": 16242.97, "Total Profit": 17273.47, "ItemID": "AMALAVEG0014UE", "Supplier": "Edeka-UK", "SuplierRegion": "United Kingdom", "SuplierCountry": "Europe"}, {"Region": "Sub-Saharan Africa", "Country": "Nigeria", "Item Type": "Vegetables", "Sales Channel": "Offline", "Order Priority": "H", "Order Date": "2020-01-27", "Order ID": "820272844", "Ship Date": "2021-07-19", "Units Sold": 8324.0, "Unit Price": 250.48, "Unit Cost": 182.08, "Total Revenue": 2084995.52, "Total Cost": 1515633.92, "Total Profit": 569361.6, "ItemID": "MYEMEVEG0050EN", "Supplier": "Edeka-NL", "SuplierRegion": "Europe", "SuplierCountry": "Netherlands"}, {"Region": "Sub-Saharan Africa", "Country": "Burundi", "Item Type": "Vegetables", "Sales Channel": "Offline", "Order Priority": "L", "Order Date": "2017-01-07", "Order ID": "159933946", "Ship Date": "2023-07-18", "Units Sold": 6391.0, "Unit Price": 212.19, "Unit Cost": 178.99, "Total Revenue": 1356106.29, "Total Cost": 1143925.09, "Total Profit": 212181.2, "ItemID": "EDENMVEG0062ES", "Supplier": "Edeka-ESP", "SuplierRegion": "Europe", "SuplierCountry": "Spain"}, {"Region": "Sub-Saharan Africa", "Country": "Seychelles ", "Item Type": "Vegetables", "Sales Channel": "Offline", "Order Priority": "C", "Order Date": "2017-11-18", "Order ID": "759362324", "Ship Date": "2019-02-04", "Units Sold": 8496.0, "Unit Price": 135.57, "Unit Cost": 85.47, "Total Revenue": 1151802.72, "Total Cost": 726153.12, "Total Profit": 425649.6, "ItemID": "ABHUTVEG0002GE", "Supplier": "Edeka-DE", "SuplierRegion": "Germany", "SuplierCountry": "Europe"}, {"Region": "Central America and the Caribbean", "Country": "Trinidad and Tobago", "Item Type": "Vegetables", "Sales Channel": "Offline", "Order Priority": "L", "Order Date": "2018-11-12", "Order ID": "466385818", "Ship Date": "2020-04-12", "Units Sold": 738.0, "Unit Price": 212.19, "Unit Cost": 178.99, "Total Revenue": 156596.22, "Total Cost": 132094.62, "Total Profit": 24501.6, "ItemID": "EDENMVEG0062ES", "Supplier": "Edeka-ESP", "SuplierRegion": "Europe", "SuplierCountry": "Spain"}, {"Region": "Sub-Saharan Africa", "Country": "Equatorial Guinea", "Item Type": "Vegetables", "Sales Channel": "Offline", "Order Priority": "H", "Order Date": "2020-09-12", "Order ID": "851484247", "Ship Date": "2021-04-21", "Units Sold": 6249.0, "Unit Price": 212.19, "Unit Cost": 178.99, "Total Revenue": 1325975.31, "Total Cost": 1118508.51, "Total Profit": 207466.8, "ItemID": "EDENMVEG0062ES", "Supplier": "Edeka-ESP", "SuplierRegion": "Europe", "SuplierCountry": "Spain"}, {"Region": "Sub-Saharan Africa", "Country": "Benin", "Item Type": "Personal Care", "Sales Channel": "Online", "Order Priority": "L", "Order Date": "2020-07-31", "Order ID": "582491208", "Ship Date": "2022-04-13", "Units Sold": 187.0, "Unit Price": 156.05, "Unit Cost": 160.47, "Total Revenue": 29181.35, "Total Cost": 30007.89, "Total Profit": "-826,54", "ItemID": "ECROAPER0059EN", "Supplier": "Health-NL", "SuplierRegion": "Europe", "SuplierCountry": "Netherlands"}, {"Region": "Europe", "Country": "Latvia", "Item Type": "Cereal", "Sales Channel": "Online", "Order Priority": "M", "Order Date": "2014-07-15", "Order ID": "808918775", "Ship Date": "2014-11-05", "Units Sold": 4747.0, "Unit Price": 274.76, "Unit Cost": 150.38, "Total Revenue": 1304285.72, "Total Cost": 713853.86, "Total Profit": 590431.86, "ItemID": "MALGECER0029MT", "Supplier": "Rewe-TUR", "SuplierRegion": "Middle East and North Africa", "SuplierCountry": "Turkey"}, {"Region": "Sub-Saharan Africa", "Country": "Ghana", "Item Type": "Cereal", "Sales Channel": "Online", "Order Priority": "H", "Order Date": "2017-06-18", "Order ID": "209327551", "Ship Date": "2023-10-10", "Units Sold": 4151.0, "Unit Price": 201.57, "Unit Cost": 158.63, "Total Revenue": 836717.07, "Total Cost": 658473.13, "Total Profit": 178243.94, "ItemID": "MOMANCER0041UN", "Supplier": "Rewe-US", "SuplierRegion": "United States of America", "SuplierCountry": "North America"}, {"Region": "Asia", "Country": "Brunei", "Item Type": "Household", "Sales Channel": "Offline", "Order Priority": "M", "Order Date": "2015-04-10", "Order ID": "234864628", "Ship Date": "2016-06-07", "Units Sold": 9654.0, "Unit Price": 641.54, "Unit Cost": 472.39, "Total Revenue": 6193427.16, "Total Cost": 4560453.06, "Total Profit": 1632974.1, "ItemID": "ANORTHOU0010GE", "Supplier": "Wholesale-DE", "SuplierRegion": "Germany", "SuplierCountry": "Europe"}, {"Region": "Middle East and North Africa", "Country": "Turkey", "Item Type": "Cosmetics", "Sales Channel": "Online", "Order Priority": "H", "Order Date": "2014-10-23", "Order ID": "531912602", "Ship Date": "2016-05-14", "Units Sold": 4543.0, "Unit Price": 419.71, "Unit Cost": 229.1, "Total Revenue": 1906742.53, "Total Cost": 1040801.3, "Total Profit": 865941.23, "ItemID": "AMONGCOS0016UE", "Supplier": "Beauty-UK", "SuplierRegion": "United Kingdom", "SuplierCountry": "Europe"}, {"Region": "Asia", "Country": "Brunei", "Item Type": "Snacks", "Sales Channel": "Offline", "Order Priority": "M", "Order Date": "2018-03-28", "Order ID": "859299177", "Ship Date": "2023-05-01", "Units Sold": 9135.0, "Unit Price": 143.8, "Unit Cost": 169.71, "Total Revenue": 1313613.0, "Total Cost": 1550300.85, "Total Profit": "-236687,85", "ItemID": "EBELGSNA0056EN", "Supplier": "Edeka-NL", "SuplierRegion": "Europe", "SuplierCountry": "Netherlands"}, {"Region": "Sub-Saharan Africa", "Country": "Cameroon", "Item Type": "Beverages", "Sales Channel": "Online", "Order Priority": "L", "Order Date": "2022-04-09", "Order ID": "597654112", "Ship Date": "2023-12-03", "Units Sold": 5778.0, "Unit Price": 49.82, "Unit Cost": 24.16, "Total Revenue": 287859.96, "Total Cost": 139596.48, "Total Profit": 148263.48, "ItemID": "AINDOBEV0007GE", "Supplier": "WIFA-DE", "SuplierRegion": "Germany", "SuplierCountry": "Europe"}, {"Region": "Asia", "Country": "Malaysia", "Item Type": "Household", "Sales Channel": "Online", "Order Priority": "H", "Order Date": "2018-01-13", "Order ID": "650492425", "Ship Date": "2021-05-05", "Units Sold": 3853.0, "Unit Price": 628.17, "Unit Cost": 452.29, "Total Revenue": 2420339.01, "Total Cost": 1742673.37, "Total Profit": 677665.64, "ItemID": "ATAIWHOU0022UE", "Supplier": "Wholesale-UK", "SuplierRegion": "United Kingdom", "SuplierCountry": "Europe"}, {"Region": "Sub-Saharan Africa", "Country": "Senegal", "Item Type": "Meat", "Sales Channel": "Online", "Order Priority": "M", "Order Date": "2010-04-22", "Order ID": "166500956", "Ship Date": "2018-01-08", "Units Sold": 4770.0, "Unit Price": 213.2, "Unit Cost": 158.69, "Total Revenue": 1016964.0, "Total Cost": 756951.3, "Total Profit": 260012.7, "ItemID": "ECYPRMEA0060EN", "Supplier": "Fegro-NL", "SuplierRegion": "Europe", "SuplierCountry": "Netherlands"}, {"Region": "Asia", "Country": "Tajikistan", "Item Type": "Snacks", "Sales Channel": "Offline", "Order Priority": "M", "Order Date": "2015-08-20", "Order ID": "998107821", "Ship Date": "2022-11-11", "Units Sold": 6972.0, "Unit Price": 169.59, "Unit Cost": 170.37, "Total Revenue": 1182381.48, "Total Cost": 1187819.64, "Total Profit": "-5438,16", "ItemID": "EGREESNA0068ES", "Supplier": "Edeka-ESP", "SuplierRegion": "Europe", "SuplierCountry": "Spain"}, {"Region": "Sub-Saharan Africa", "Country": "Mozambique", "Item Type": "Cereal", "Sales Channel": "Online", "Order Priority": "H", "Order Date": "2014-03-17", "Order ID": "993768108", "Ship Date": "2023-02-16", "Units Sold": 933.0, "Unit Price": 158.39, "Unit Cost": 106.57, "Total Revenue": 147777.87, "Total Cost": 99429.81, "Total Profit": 48348.06, "ItemID": "AMYANCER0017UE", "Supplier": "Rewe-UK", "SuplierRegion": "United Kingdom", "SuplierCountry": "Europe"}, {"Region": "Europe", "Country": "Czech Republic", "Item Type": "Personal Care", "Sales Channel": "Online", "Order Priority": "C", "Order Date": "2010-11-13", "Order ID": "317137834", "Ship Date": "2022-07-16", "Units Sold": 4157.0, "Unit Price": 96.44, "Unit Cost": 43.07, "Total Revenue": 400901.08, "Total Cost": 179041.99, "Total Profit": 221859.09, "ItemID": "ASOUTPER0011GE", "Supplier": "Health-DE", "SuplierRegion": "Germany", "SuplierCountry": "Europe"}, {"Region": "Sub-Saharan Africa", "Country": "South Sudan", "Item Type": "Beverages", "Sales Channel": "Offline", "Order Priority": "L", "Order Date": "2022-12-01", "Order ID": "790294428", "Ship Date": "2022-12-08", "Units Sold": 6181.0, "Unit Price": 183.43, "Unit Cost": 154.6, "Total Revenue": 1133780.83, "Total Cost": 955582.6, "Total Profit": 178198.23, "ItemID": "MBAHRBEV0031MT", "Supplier": "WIFA-TUR", "SuplierRegion": "Middle East and North Africa", "SuplierCountry": "Turkey"}, {"Region": "Asia", "Country": "Tajikistan", "Item Type": "Meat", "Sales Channel": "Offline", "Order Priority": "H", "Order Date": "2017-06-11", "Order ID": "598647119", "Ship Date": "2023-07-24", "Units Sold": 3572.0, "Unit Price": 232.52, "Unit Cost": 156.21, "Total Revenue": 830561.44, "Total Cost": 557982.12, "Total Profit": 272579.32, "ItemID": "MTURKMEA0048UN", "Supplier": "Fegro-US", "SuplierRegion": "United States of America", "SuplierCountry": "North America"}, {"Region": "Central America and the Caribbean", "Country": "Cuba", "Item Type": "Beverages", "Sales Channel": "Online", "Order Priority": "H", "Order Date": "2015-04-07", "Order ID": "901080888", "Ship Date": "2018-05-05", "Units Sold": 4929.0, "Unit Price": 224.71, "Unit Cost": 165.54, "Total Revenue": 1107595.59, "Total Cost": 815946.66, "Total Profit": 291648.93, "ItemID": "EBELABEV0055EN", "Supplier": "WIFA-NL", "SuplierRegion": "Europe", "SuplierCountry": "Netherlands"}, {"Region": "Middle East and North Africa", "Country": "Iran", "Item Type": "Clothes", "Sales Channel": "Online", "Order Priority": "L", "Order Date": "2019-04-09", "Order ID": "838101744", "Ship Date": "2021-01-21", "Units Sold": 5881.0, "Unit Price": 244.5, "Unit Cost": 179.9, "Total Revenue": 1437904.5, "Total Cost": 1057991.9, "Total Profit": 379912.6, "ItemID": "MIRANCLO0033MT", "Supplier": "H&M-TUR", "SuplierRegion": "Middle East and North Africa", "SuplierCountry": "Turkey"}, {"Region": "Sub-Saharan Africa", "Country": "Democratic Republic of the Congo", "Item Type": "Personal Care", "Sales Channel": "Offline", "Order Priority": "L", "Order Date": "2023-07-18", "Order ID": "976439227", "Ship Date": "2023-09-22", "Units Sold": 4089.0, "Unit Price": 156.05, "Unit Cost": 160.47, "Total Revenue": 638088.45, "Total Cost": 656161.83, "Total Profit": "-18073,38", "ItemID": "ECROAPER0059EN", "Supplier": "Health-NL", "SuplierRegion": "Europe", "SuplierCountry": "Netherlands"}, {"Region": "Europe", "Country": "Macedonia", "Item Type": "Cereal", "Sales Channel": "Online", "Order Priority": "C", "Order Date": "2017-12-01", "Order ID": "595311777", "Ship Date": "2019-01-26", "Units Sold": 4247.0, "Unit Price": 217.45, "Unit Cost": 165.11, "Total Revenue": 923510.15, "Total Cost": 701222.17, "Total Profit": 222287.98, "ItemID": "EARMECER0053EN", "Supplier": "Rewe-NL", "SuplierRegion": "Europe", "SuplierCountry": "Netherlands"}, {"Region": "Europe", "Country": "Greece", "Item Type": "Snacks", "Sales Channel": "Online", "Order Priority": "C", "Order Date": "2014-11-24", "Order ID": "105158509", "Ship Date": "2021-06-10", "Units Sold": 3077.0, "Unit Price": 251.34, "Unit Cost": 173.93, "Total Revenue": 773373.18, "Total Cost": 535182.61, "Total Profit": 238190.57, "ItemID": "MEGYPSNA0032MT", "Supplier": "Edeka-TUR", "SuplierRegion": "Middle East and North Africa", "SuplierCountry": "Turkey"}, {"Region": "Asia", "Country": "India", "Item Type": "Meat", "Sales Channel": "Offline", "Order Priority": "M", "Order Date": "2017-02-16", "Order ID": "224397412", "Ship Date": "2017-05-06", "Units Sold": 4335.0, "Unit Price": 220.55, "Unit Cost": 176.55, "Total Revenue": 956084.25, "Total Cost": 765344.25, "Total Profit": 190740.0, "ItemID": "EITALMEA0072ES", "Supplier": "Fegro-ESP", "SuplierRegion": "Europe", "SuplierCountry": "Spain"}, {"Region": "Sub-Saharan Africa", "Country": "Madagascar", "Item Type": "Beverages", "Sales Channel": "Offline", "Order Priority": "M", "Order Date": "2023-02-11", "Order ID": "858111106", "Ship Date": "2023-09-06", "Units Sold": 3806.0, "Unit Price": 224.71, "Unit Cost": 165.54, "Total Revenue": 855246.26, "Total Cost": 630045.24, "Total Profit": 225201.02, "ItemID": "EBELABEV0055EN", "Supplier": "WIFA-NL", "SuplierRegion": "Europe", "SuplierCountry": "Netherlands"}, {"Region": "Europe", "Country": "Moldova ", "Item Type": "Snacks", "Sales Channel": "Online", "Order Priority": "C", "Order Date": "2013-06-04", "Order ID": "879770423", "Ship Date": "2023-06-15", "Units Sold": 4309.0, "Unit Price": 169.59, "Unit Cost": 170.37, "Total Revenue": 730763.31, "Total Cost": 734124.33, "Total Profit": "-3361,02", "ItemID": "EGREESNA0068ES", "Supplier": "Edeka-ESP", "SuplierRegion": "Europe", "SuplierCountry": "Spain"}, {"Region": "Central America and the Caribbean", "Country": "Cuba", "Item Type": "Baby Food", "Sales Channel": "Online", "Order Priority": "C", "Order Date": "2019-05-20", "Order ID": "532739850", "Ship Date": "2021-09-21", "Units Sold": 691.0, "Unit Price": 288.47, "Unit Cost": 119.57, "Total Revenue": 199332.77, "Total Cost": 82622.87, "Total Profit": 116709.9, "ItemID": "AINDIBAB0006GE", "Supplier": "Hipp-DE", "SuplierRegion": "Germany", "SuplierCountry": "Europe"}, {"Region": "Europe", "Country": "Belarus", "Item Type": "Cosmetics", "Sales Channel": "Online", "Order Priority": "C", "Order Date": "2012-06-11", "Order ID": "538398025", "Ship Date": "2022-04-05", "Units Sold": 4832.0, "Unit Price": 172.09, "Unit Cost": 154.56, "Total Revenue": 831538.88, "Total Cost": 746833.92, "Total Profit": 84704.96, "ItemID": "MMOROCOS0040UN", "Supplier": "Beauty-US", "SuplierRegion": "United States of America", "SuplierCountry": "North America"}, {"Region": "Europe", "Country": "Switzerland", "Item Type": "Fruits", "Sales Channel": "Online", "Order Priority": "L", "Order Date": "2016-05-03", "Order ID": "643158440", "Ship Date": "2022-03-14", "Units Sold": 645.0, "Unit Price": 8.77, "Unit Cost": 5.47, "Total Revenue": 5656.65, "Total Cost": 3528.15, "Total Profit": 2128.5, "ItemID": "ABRUNFRU0003GE", "Supplier": "Penny-DE", "SuplierRegion": "Germany", "SuplierCountry": "Europe"}, {"Region": "Central America and the Caribbean", "Country": "Antigua and Barbuda ", "Item Type": "Cosmetics", "Sales Channel": "Online", "Order Priority": "L", "Order Date": "2013-11-07", "Order ID": "963956996", "Ship Date": "2015-08-21", "Units Sold": 9070.0, "Unit Price": 341.02, "Unit Cost": 229.1, "Total Revenue": 3093051.4, "Total Cost": 2077937.0, "Total Profit": 1015114.4, "ItemID": "ACAMBCOS0004GE", "Supplier": "Beauty-DE", "SuplierRegion": "Germany", "SuplierCountry": "Europe"}, {"Region": "Central America and the Caribbean", "Country": "Saint Kitts and Nevis ", "Item Type": "Clothes", "Sales Channel": "Offline", "Order Priority": "H", "Order Date": "2011-09-20", "Order ID": "761489952", "Ship Date": "2015-12-09", "Units Sold": 3082.0, "Unit Price": 244.5, "Unit Cost": 179.9, "Total Revenue": 753549.0, "Total Cost": 554451.8, "Total Profit": 199097.2, "ItemID": "MIRANCLO0033MT", "Supplier": "H&M-TUR", "SuplierRegion": "Middle East and North Africa", "SuplierCountry": "Turkey"}, {"Region": "Europe", "Country": "Iceland", "Item Type": "Baby Food", "Sales Channel": "Offline", "Order Priority": "M", "Order Date": "2021-03-30", "Order ID": "329299386", "Ship Date": "2021-12-18", "Units Sold": 2686.0, "Unit Price": 192.5, "Unit Cost": 171.93, "Total Revenue": 517055.0, "Total Cost": 461803.98, "Total Profit": 55251.02, "ItemID": "EGEORBAB0066ES", "Supplier": "Hipp-ESP", "SuplierRegion": "Europe", "SuplierCountry": "Spain"}, {"Region": "Middle East and North Africa", "Country": "Yemen", "Item Type": "Snacks", "Sales Channel": "Online", "Order Priority": "H", "Order Date": "2010-04-13", "Order ID": "854314726", "Ship Date": "2018-12-25", "Units Sold": 9917.0, "Unit Price": 251.34, "Unit Cost": 173.93, "Total Revenue": 2492538.78, "Total Cost": 1724863.81, "Total Profit": 767674.97, "ItemID": "MEGYPSNA0032MT", "Supplier": "Edeka-TUR", "SuplierRegion": "Middle East and North Africa", "SuplierCountry": "Turkey"}, {"Region": "Middle East and North Africa", "Country": "Jordan", "Item Type": "Vegetables", "Sales Channel": "Offline", "Order Priority": "H", "Order Date": "2012-08-13", "Order ID": "413357140", "Ship Date": "2020-07-31", "Units Sold": 3844.0, "Unit Price": 212.19, "Unit Cost": 178.99, "Total Revenue": 815658.36, "Total Cost": 688037.56, "Total Profit": 127620.8, "ItemID": "EDENMVEG0062ES", "Supplier": "Edeka-ESP", "SuplierRegion": "Europe", "SuplierCountry": "Spain"}, {"Region": "Australia and Oceania", "Country": "Marshall Islands", "Item Type": "Meat", "Sales Channel": "Offline", "Order Priority": "M", "Order Date": "2018-05-10", "Order ID": "399028146", "Ship Date": "2018-05-12", "Units Sold": 5564.0, "Unit Price": 345.95, "Unit Cost": 309.99, "Total Revenue": 1924865.8, "Total Cost": 1724784.36, "Total Profit": 200081.44, "ItemID": "ATHAIMEA0024UE", "Supplier": "Fegro-UK", "SuplierRegion": "United Kingdom", "SuplierCountry": "Europe"}, {"Region": "Sub-Saharan Africa", "Country": "Burkina Faso", "Item Type": "Vegetables", "Sales Channel": "Offline", "Order Priority": "C", "Order Date": "2010-07-27", "Order ID": "968306264", "Ship Date": "2022-06-24", "Units Sold": 3208.0, "Unit Price": 212.19, "Unit Cost": 178.99, "Total Revenue": 680705.52, "Total Cost": 574199.92, "Total Profit": 106505.6, "ItemID": "EDENMVEG0062ES", "Supplier": "Edeka-ESP", "SuplierRegion": "Europe", "SuplierCountry": "Spain"}, {"Region": "Europe", "Country": "Russia", "Item Type": "Cereal", "Sales Channel": "Online", "Order Priority": "H", "Order Date": "2020-12-29", "Order ID": "883176260", "Ship Date": "2023-11-09", "Units Sold": 6937.0, "Unit Price": 217.45, "Unit Cost": 165.11, "Total Revenue": 1508450.65, "Total Cost": 1145368.07, "Total Profit": 363082.58, "ItemID": "EARMECER0053EN", "Supplier": "Rewe-NL", "SuplierRegion": "Europe", "SuplierCountry": "Netherlands"}, {"Region": "Sub-Saharan Africa", "Country": "Ghana", "Item Type": "Household", "Sales Channel": "Offline", "Order Priority": "M", "Order Date": "2011-01-03", "Order ID": "255533530", "Ship Date": "2023-08-14", "Units Sold": 3942.0, "Unit Price": 641.54, "Unit Cost": 472.39, "Total Revenue": 2528950.68, "Total Cost": 1862161.38, "Total Profit": 666789.3, "ItemID": "ANORTHOU0010GE", "Supplier": "Wholesale-DE", "SuplierRegion": "Germany", "SuplierCountry": "Europe"}, {"Region": "Sub-Saharan Africa", "Country": "Togo", "Item Type": "Meat", "Sales Channel": "Online", "Order Priority": "C", "Order Date": "2013-12-04", "Order ID": "853416425", "Ship Date": "2022-11-12", "Units Sold": 3449.0, "Unit Price": 238.37, "Unit Cost": 171.02, "Total Revenue": 822138.13, "Total Cost": 589847.98, "Total Profit": 232290.15, "ItemID": "MJORDMEA0036MT", "Supplier": "Fegro-TUR", "SuplierRegion": "Middle East and North Africa", "SuplierCountry": "Turkey"}, {"Region": "Central America and the Caribbean", "Country": "Haiti", "Item Type": "Personal Care", "Sales Channel": "Online", "Order Priority": "C", "Order Date": "2016-11-15", "Order ID": "290221433", "Ship Date": "2016-12-31", "Units Sold": 1711.0, "Unit Price": 96.44, "Unit Cost": 43.07, "Total Revenue": 165008.84, "Total Cost": 73692.77, "Total Profit": 91316.07, "ItemID": "ASOUTPER0011GE", "Supplier": "Health-DE", "SuplierRegion": "Germany", "SuplierCountry": "Europe"}, {"Region": "North America", "Country": "Canada", "Item Type": "Cosmetics", "Sales Channel": "Online", "Order Priority": "L", "Order Date": "2016-03-05", "Order ID": "209450287", "Ship Date": "2022-11-28", "Units Sold": 7015.0, "Unit Price": 175.71, "Unit Cost": 157.04, "Total Revenue": 1232605.65, "Total Cost": 1101635.6, "Total Profit": 130970.05, "ItemID": "EANDOCOS0052EN", "Supplier": "Beauty-NL", "SuplierRegion": "Europe", "SuplierCountry": "Netherlands"}, {"Region": "Sub-Saharan Africa", "Country": "Angola", "Item Type": "Meat", "Sales Channel": "Offline", "Order Priority": "C", "Order Date": "2022-01-23", "Order ID": "939984620", "Ship Date": "2023-10-07", "Units Sold": 4678.0, "Unit Price": 232.52, "Unit Cost": 156.21, "Total Revenue": 1087728.56, "Total Cost": 730750.38, "Total Profit": 356978.18, "ItemID": "MTURKMEA0048UN", "Supplier": "Fegro-US", "SuplierRegion": "United States of America", "SuplierCountry": "North America"}, {"Region": "Sub-Saharan Africa", "Country": "Zimbabwe", "Item Type": "Baby Food", "Sales Channel": "Offline", "Order Priority": "L", "Order Date": "2023-12-24", "Order ID": "602465599", "Ship Date": "2024-01-01", "Units Sold": 2049.0, "Unit Price": 230.92, "Unit Cost": 181.07, "Total Revenue": 473155.08, "Total Cost": 371012.43, "Total Profit": 102142.65, "ItemID": "EAUSTBAB0054EN", "Supplier": "Hipp-NL", "SuplierRegion": "Europe", "SuplierCountry": "Netherlands"}, {"Region": "Central America and the Caribbean", "Country": "Cuba", "Item Type": "Snacks", "Sales Channel": "Online", "Order Priority": "C", "Order Date": "2013-04-06", "Order ID": "558118730", "Ship Date": "2023-09-28", "Units Sold": 3507.0, "Unit Price": 256.5, "Unit Cost": 145.67, "Total Revenue": 899545.5, "Total Cost": 510864.69, "Total Profit": 388680.81, "ItemID": "MSAUDSNA0044UN", "Supplier": "Edeka-US", "SuplierRegion": "United States of America", "SuplierCountry": "North America"}, {"Region": "Sub-Saharan Africa", "Country": "Sao Tome and Principe", "Item Type": "Office Supplies", "Sales Channel": "Online", "Order Priority": "M", "Order Date": "2010-01-25", "Order ID": "578371170", "Ship Date": "2014-11-15", "Units Sold": 5465.0, "Unit Price": 696.79, "Unit Cost": 493.46, "Total Revenue": 3807957.35, "Total Cost": 2696758.9, "Total Profit": 1111198.45, "ItemID": "ALAOSOFF0013UE", "Supplier": "Staples-UK", "SuplierRegion": "United Kingdom", "SuplierCountry": "Europe"}, {"Region": "Europe", "Country": "Belgium", "Item Type": "Cosmetics", "Sales Channel": "Offline", "Order Priority": "C", "Order Date": "2017-07-29", "Order ID": "451210890", "Ship Date": "2021-03-21", "Units Sold": 1363.0, "Unit Price": 419.71, "Unit Cost": 229.1, "Total Revenue": 572064.73, "Total Cost": 312263.3, "Total Profit": 259801.43, "ItemID": "AMONGCOS0016UE", "Supplier": "Beauty-UK", "SuplierRegion": "United Kingdom", "SuplierCountry": "Europe"}, {"Region": "Europe", "Country": "Latvia", "Item Type": "Office Supplies", "Sales Channel": "Offline", "Order Priority": "M", "Order Date": "2017-05-05", "Order ID": "493223860", "Ship Date": "2022-03-05", "Units Sold": 6677.0, "Unit Price": 145.44, "Unit Cost": 150.95, "Total Revenue": 971102.88, "Total Cost": 1007893.15, "Total Profit": "-36790,27", "ItemID": "ECZECOFF0061ES", "Supplier": "Staples-ESP", "SuplierRegion": "Europe", "SuplierCountry": "Spain"}, {"Region": "Australia and Oceania", "Country": "Tuvalu", "Item Type": "Household", "Sales Channel": "Online", "Order Priority": "L", "Order Date": "2022-05-31", "Order ID": "508073989", "Ship Date": "2023-08-03", "Units Sold": 3910.0, "Unit Price": 180.33, "Unit Cost": 156.74, "Total Revenue": 705090.3, "Total Cost": 612853.4, "Total Profit": 92236.9, "ItemID": "EICELHOU0070ES", "Supplier": "Wholesale-ESP", "SuplierRegion": "Europe", "SuplierCountry": "Spain"}, {"Region": "Sub-Saharan Africa", "Country": "Rwanda", "Item Type": "Fruits", "Sales Channel": "Offline", "Order Priority": "H", "Order Date": "2015-02-06", "Order ID": "648799714", "Ship Date": "2015-05-31", "Units Sold": 7599.0, "Unit Price": 200.95, "Unit Cost": 173.25, "Total Revenue": 1527019.05, "Total Cost": 1316526.75, "Total Profit": 210492.3, "ItemID": "EESTOFRU0063ES", "Supplier": "Penny-ESP", "SuplierRegion": "Europe", "SuplierCountry": "Spain"}, {"Region": "Asia", "Country": "Mongolia", "Item Type": "Beverages", "Sales Channel": "Offline", "Order Priority": "H", "Order Date": "2014-12-21", "Order ID": "397008480", "Ship Date": "2019-09-11", "Units Sold": 9311.0, "Unit Price": 217.53, "Unit Cost": 149.36, "Total Revenue": 2025421.83, "Total Cost": 1390690.96, "Total Profit": 634730.87, "ItemID": "MQATABEV0043UN", "Supplier": "WIFA-US", "SuplierRegion": "United States of America", "SuplierCountry": "North America"}, {"Region": "Sub-Saharan Africa", "Country": "Ethiopia", "Item Type": "Baby Food", "Sales Channel": "Offline", "Order Priority": "H", "Order Date": "2010-05-13", "Order ID": "313410263", "Ship Date": "2019-05-05", "Units Sold": 2645.0, "Unit Price": 256.84, "Unit Cost": 154.97, "Total Revenue": 679341.8, "Total Cost": 409895.65, "Total Profit": 269446.15, "ItemID": "MPAKIBAB0042UN", "Supplier": "Hipp-US", "SuplierRegion": "United States of America", "SuplierCountry": "North America"}, {"Region": "Middle East and North Africa", "Country": "Tunisia ", "Item Type": "Cosmetics", "Sales Channel": "Online", "Order Priority": "H", "Order Date": "2011-06-23", "Order ID": "856709758", "Ship Date": "2021-12-15", "Units Sold": 8231.0, "Unit Price": 341.02, "Unit Cost": 229.1, "Total Revenue": 2806935.62, "Total Cost": 1885722.1, "Total Profit": 921213.52, "ItemID": "ACAMBCOS0004GE", "Supplier": "Beauty-DE", "SuplierRegion": "Germany", "SuplierCountry": "Europe"}, {"Region": "Sub-Saharan Africa", "Country": "Zambia", "Item Type": "Baby Food", "Sales Channel": "Online", "Order Priority": "M", "Order Date": "2015-12-17", "Order ID": "461181663", "Ship Date": "2022-02-25", "Units Sold": 8729.0, "Unit Price": 256.84, "Unit Cost": 154.97, "Total Revenue": 2241956.36, "Total Cost": 1352733.13, "Total Profit": 889223.23, "ItemID": "MPAKIBAB0042UN", "Supplier": "Hipp-US", "SuplierRegion": "United States of America", "SuplierCountry": "North America"}, {"Region": "Europe", "Country": "Macedonia", "Item Type": "Cereal", "Sales Channel": "Online", "Order Priority": "M", "Order Date": "2013-08-24", "Order ID": "476237101", "Ship Date": "2015-08-28", "Units Sold": 3833.0, "Unit Price": 201.57, "Unit Cost": 158.63, "Total Revenue": 772617.81, "Total Cost": 608028.79, "Total Profit": 164589.02, "ItemID": "MOMANCER0041UN", "Supplier": "Rewe-US", "SuplierRegion": "United States of America", "SuplierCountry": "North America"}, {"Region": "Europe", "Country": "Iceland", "Item Type": "Cereal", "Sales Channel": "Offline", "Order Priority": "M", "Order Date": "2019-12-16", "Order ID": "528458691", "Ship Date": "2022-07-15", "Units Sold": 5266.0, "Unit Price": 217.45, "Unit Cost": 165.11, "Total Revenue": 1145091.7, "Total Cost": 869469.26, "Total Profit": 275622.44, "ItemID": "EARMECER0053EN", "Supplier": "Rewe-NL", "SuplierRegion": "Europe", "SuplierCountry": "Netherlands"}, {"Region": "Sub-Saharan Africa", "Country": "Ghana", "Item Type": "Clothes", "Sales Channel": "Offline", "Order Priority": "H", "Order Date": "2012-06-28", "Order ID": "899986251", "Ship Date": "2013-01-02", "Units Sold": 1782.0, "Unit Price": 211.43, "Unit Cost": 147.81, "Total Revenue": 376768.26, "Total Cost": 263397.42, "Total Profit": 113370.84, "ItemID": "MSOMACLO0045UN", "Supplier": "H&M-US", "SuplierRegion": "United States of America", "SuplierCountry": "North America"}, {"Region": "Europe", "Country": "Poland", "Item Type": "Snacks", "Sales Channel": "Offline", "Order Priority": "C", "Order Date": "2010-10-22", "Order ID": "162803721", "Ship Date": "2015-08-10", "Units Sold": 4169.0, "Unit Price": 169.36, "Unit Cost": 87.7, "Total Revenue": 706061.84, "Total Cost": 365621.3, "Total Profit": 340440.54, "ItemID": "AJAPASNA0008GE", "Supplier": "Edeka-DE", "SuplierRegion": "Germany", "SuplierCountry": "Europe"}, {"Region": "Sub-Saharan Africa", "Country": "Comoros", "Item Type": "Beverages", "Sales Channel": "Online", "Order Priority": "C", "Order Date": "2013-08-10", "Order ID": "313884714", "Ship Date": "2020-03-18", "Units Sold": 243.0, "Unit Price": 152.9, "Unit Cost": 168.15, "Total Revenue": 37154.7, "Total Cost": 40860.45, "Total Profit": "-3705,75", "ItemID": "EGERMBEV0067ES", "Supplier": "WIFA-ESP", "SuplierRegion": "Europe", "SuplierCountry": "Spain"}, {"Region": "Sub-Saharan Africa", "Country": "Cameroon", "Item Type": "Baby Food", "Sales Channel": "Offline", "Order Priority": "M", "Order Date": "2014-01-08", "Order ID": "281794540", "Ship Date": "2018-10-29", "Units Sold": 9852.0, "Unit Price": 288.47, "Unit Cost": 119.57, "Total Revenue": 2842006.44, "Total Cost": 1178003.64, "Total Profit": 1664002.8, "ItemID": "AINDIBAB0006GE", "Supplier": "Hipp-DE", "SuplierRegion": "Germany", "SuplierCountry": "Europe"}, {"Region": "Australia and Oceania", "Country": "Kiribati", "Item Type": "Clothes", "Sales Channel": "Offline", "Order Priority": "M", "Order Date": "2019-01-22", "Order ID": "386304126", "Ship Date": "2023-06-19", "Units Sold": 9878.0, "Unit Price": 244.5, "Unit Cost": 179.9, "Total Revenue": 2415171.0, "Total Cost": 1777052.2, "Total Profit": 638118.8, "ItemID": "MIRANCLO0033MT", "Supplier": "H&M-TUR", "SuplierRegion": "Middle East and North Africa", "SuplierCountry": "Turkey"}, {"Region": "Sub-Saharan Africa", "Country": "Swaziland", "Item Type": "Cereal", "Sales Channel": "Offline", "Order Priority": "M", "Order Date": "2011-09-29", "Order ID": "944735210", "Ship Date": "2023-11-10", "Units Sold": 9230.0, "Unit Price": 158.39, "Unit Cost": 106.57, "Total Revenue": 1461939.7, "Total Cost": 983641.1, "Total Profit": 478298.6, "ItemID": "AMYANCER0017UE", "Supplier": "Rewe-UK", "SuplierRegion": "United Kingdom", "SuplierCountry": "Europe"}, {"Region": "Europe", "Country": "Greece", "Item Type": "Snacks", "Sales Channel": "Offline", "Order Priority": "H", "Order Date": "2010-09-28", "Order ID": "378219075", "Ship Date": "2015-01-26", "Units Sold": 3852.0, "Unit Price": 251.34, "Unit Cost": 173.93, "Total Revenue": 968161.68, "Total Cost": 669978.36, "Total Profit": 298183.32, "ItemID": "MEGYPSNA0032MT", "Supplier": "Edeka-TUR", "SuplierRegion": "Middle East and North Africa", "SuplierCountry": "Turkey"}, {"Region": "Asia", "Country": "Nepal", "Item Type": "Baby Food", "Sales Channel": "Online", "Order Priority": "L", "Order Date": "2015-12-18", "Order ID": "152334349", "Ship Date": "2021-10-13", "Units Sold": 1716.0, "Unit Price": 221.44, "Unit Cost": 173.45, "Total Revenue": 379991.04, "Total Cost": 297640.2, "Total Profit": 82350.84, "ItemID": "MAZERBAB0030MT", "Supplier": "Hipp-TUR", "SuplierRegion": "Middle East and North Africa", "SuplierCountry": "Turkey"}, {"Region": "Middle East and North Africa", "Country": "Iran", "Item Type": "Office Supplies", "Sales Channel": "Online", "Order Priority": "H", "Order Date": "2010-12-25", "Order ID": "935904847", "Ship Date": "2014-08-20", "Units Sold": 7829.0, "Unit Price": 258.33, "Unit Cost": 147.67, "Total Revenue": 2022465.57, "Total Cost": 1156108.43, "Total Profit": 866357.14, "ItemID": "ATURKOFF0025MT", "Supplier": "Staples-TUR", "SuplierRegion": "Middle East and North Africa", "SuplierCountry": "Turkey"}, {"Region": "Central America and the Caribbean", "Country": "Haiti", "Item Type": "Cosmetics", "Sales Channel": "Offline", "Order Priority": "M", "Order Date": "2010-02-12", "Order ID": "283648663", "Ship Date": "2013-03-09", "Units Sold": 9225.0, "Unit Price": 175.71, "Unit Cost": 157.04, "Total Revenue": 1620924.75, "Total Cost": 1448694.0, "Total Profit": 172230.75, "ItemID": "EANDOCOS0052EN", "Supplier": "Beauty-NL", "SuplierRegion": "Europe", "SuplierCountry": "Netherlands"}, {"Region": "Sub-Saharan Africa", "Country": "Liberia", "Item Type": "Cosmetics", "Sales Channel": "Offline", "Order Priority": "M", "Order Date": "2020-12-11", "Order ID": "452621005", "Ship Date": "2022-07-23", "Units Sold": 9973.0, "Unit Price": 154.75, "Unit Cost": 161.51, "Total Revenue": 1543321.75, "Total Cost": 1610739.23, "Total Profit": "-67417,48", "ItemID": "EFINLCOS0064ES", "Supplier": "Beauty-ESP", "SuplierRegion": "Europe", "SuplierCountry": "Spain"}, {"Region": "Australia and Oceania", "Country": "Tuvalu", "Item Type": "Office Supplies", "Sales Channel": "Offline", "Order Priority": "L", "Order Date": "2017-03-16", "Order ID": "474747859", "Ship Date": "2021-07-06", "Units Sold": 6171.0, "Unit Price": 266.15, "Unit Cost": 182.8, "Total Revenue": 1642411.65, "Total Cost": 1128058.8, "Total Profit": 514352.85, "ItemID": "MKUWAOFF0037UN", "Supplier": "Staples-US", "SuplierRegion": "United States of America", "SuplierCountry": "North America"}, {"Region": "Sub-Saharan Africa", "Country": "Swaziland", "Item Type": "Cosmetics", "Sales Channel": "Online", "Order Priority": "C", "Order Date": "2014-11-08", "Order ID": "375148462", "Ship Date": "2015-08-22", "Units Sold": 949.0, "Unit Price": 341.02, "Unit Cost": 229.1, "Total Revenue": 323627.98, "Total Cost": 217415.9, "Total Profit": 106212.08, "ItemID": "ACAMBCOS0004GE", "Supplier": "Beauty-DE", "SuplierRegion": "Germany", "SuplierCountry": "Europe"}, {"Region": "Asia", "Country": "Japan", "Item Type": "Vegetables", "Sales Channel": "Offline", "Order Priority": "C", "Order Date": "2021-10-15", "Order ID": "229310991", "Ship Date": "2022-07-27", "Units Sold": 9467.0, "Unit Price": 291.48, "Unit Cost": 153.56, "Total Revenue": 2759441.16, "Total Cost": 1453752.52, "Total Profit": 1305688.64, "ItemID": "AUZBEVEG0026MT", "Supplier": "Edeka-TUR", "SuplierRegion": "Middle East and North Africa", "SuplierCountry": "Turkey"}, {"Region": "Europe", "Country": "Kosovo", "Item Type": "Cereal", "Sales Channel": "Offline", "Order Priority": "C", "Order Date": "2021-07-10", "Order ID": "203289643", "Ship Date": "2023-10-02", "Units Sold": 3919.0, "Unit Price": 170.73, "Unit Cost": 104.23, "Total Revenue": 669090.87, "Total Cost": 408477.37, "Total Profit": 260613.5, "ItemID": "ACHINCER0005GE", "Supplier": "Rewe-DE", "SuplierRegion": "Germany", "SuplierCountry": "Europe"}, {"Region": "Sub-Saharan Africa", "Country": "Madagascar", "Item Type": "Household", "Sales Channel": "Offline", "Order Priority": "H", "Order Date": "2013-07-02", "Order ID": "548151416", "Ship Date": "2016-04-06", "Units Sold": 8528.0, "Unit Price": 641.54, "Unit Cost": 472.39, "Total Revenue": 5471053.12, "Total Cost": 4028541.92, "Total Profit": 1442511.2, "ItemID": "ANORTHOU0010GE", "Supplier": "Wholesale-DE", "SuplierRegion": "Germany", "SuplierCountry": "Europe"}, {"Region": "Europe", "Country": "Serbia", "Item Type": "Cosmetics", "Sales Channel": "Online", "Order Priority": "M", "Order Date": "2016-01-08", "Order ID": "909237449", "Ship Date": "2021-01-14", "Units Sold": 4549.0, "Unit Price": 242.36, "Unit Cost": 178.69, "Total Revenue": 1102495.64, "Total Cost": 812860.81, "Total Profit": 289634.83, "ItemID": "MAFGHCOS0028MT", "Supplier": "Beauty-TUR", "SuplierRegion": "Middle East and North Africa", "SuplierCountry": "Turkey"}, {"Region": "Central America and the Caribbean", "Country": "Belize", "Item Type": "Beverages", "Sales Channel": "Online", "Order Priority": "M", "Order Date": "2014-12-16", "Order ID": "140735057", "Ship Date": "2016-01-15", "Units Sold": 5268.0, "Unit Price": 152.9, "Unit Cost": 168.15, "Total Revenue": 805477.2, "Total Cost": 885814.2, "Total Profit": "-80337,00", "ItemID": "EGERMBEV0067ES", "Supplier": "WIFA-ESP", "SuplierRegion": "Europe", "SuplierCountry": "Spain"}, {"Region": "Central America and the Caribbean", "Country": "Costa Rica", "Item Type": "Baby Food", "Sales Channel": "Offline", "Order Priority": "C", "Order Date": "2010-01-20", "Order ID": "987054615", "Ship Date": "2011-03-05", "Units Sold": 1003.0, "Unit Price": 230.92, "Unit Cost": 181.07, "Total Revenue": 231612.76, "Total Cost": 181613.21, "Total Profit": 49999.55, "ItemID": "EAUSTBAB0054EN", "Supplier": "Hipp-NL", "SuplierRegion": "Europe", "SuplierCountry": "Netherlands"}, {"Region": "Sub-Saharan Africa", "Country": "Zambia", "Item Type": "Beverages", "Sales Channel": "Offline", "Order Priority": "L", "Order Date": "2017-12-23", "Order ID": "850426927", "Ship Date": "2022-07-14", "Units Sold": 4101.0, "Unit Price": 49.82, "Unit Cost": 24.16, "Total Revenue": 204311.82, "Total Cost": 99080.16, "Total Profit": 105231.66, "ItemID": "AINDOBEV0007GE", "Supplier": "WIFA-DE", "SuplierRegion": "Germany", "SuplierCountry": "Europe"}, {"Region": "Europe", "Country": "Germany", "Item Type": "Snacks", "Sales Channel": "Offline", "Order Priority": "L", "Order Date": "2016-11-27", "Order ID": "347484744", "Ship Date": "2017-04-04", "Units Sold": 3943.0, "Unit Price": 169.36, "Unit Cost": 87.7, "Total Revenue": 667786.48, "Total Cost": 345801.1, "Total Profit": 321985.38, "ItemID": "AJAPASNA0008GE", "Supplier": "Edeka-DE", "SuplierRegion": "Germany", "SuplierCountry": "Europe"}, {"Region": "Central America and the Caribbean", "Country": "Haiti", "Item Type": "Cosmetics", "Sales Channel": "Offline", "Order Priority": "M", "Order Date": "2019-05-25", "Order ID": "296797245", "Ship Date": "2020-12-20", "Units Sold": 1941.0, "Unit Price": 419.71, "Unit Cost": 229.1, "Total Revenue": 814657.11, "Total Cost": 444683.1, "Total Profit": 369974.01, "ItemID": "AMONGCOS0016UE", "Supplier": "Beauty-UK", "SuplierRegion": "United Kingdom", "SuplierCountry": "Europe"}, {"Region": "Sub-Saharan Africa", "Country": "Ethiopia", "Item Type": "Fruits", "Sales Channel": "Online", "Order Priority": "M", "Order Date": "2020-12-15", "Order ID": "983582919", "Ship Date": "2021-05-28", "Units Sold": 6536.0, "Unit Price": 183.5, "Unit Cost": 160.75, "Total Revenue": 1199356.0, "Total Cost": 1050662.0, "Total Profit": 148694.0, "ItemID": "EALBAFRU0051EN", "Supplier": "Penny-NL", "SuplierRegion": "Europe", "SuplierCountry": "Netherlands"}, {"Region": "Sub-Saharan Africa", "Country": "Djibouti", "Item Type": "Personal Care", "Sales Channel": "Offline", "Order Priority": "M", "Order Date": "2020-12-28", "Order ID": "554665861", "Ship Date": "2022-04-11", "Units Sold": 8201.0, "Unit Price": 96.44, "Unit Cost": 43.07, "Total Revenue": 790904.44, "Total Cost": 353217.07, "Total Profit": 437687.37, "ItemID": "ASOUTPER0011GE", "Supplier": "Health-DE", "SuplierRegion": "Germany", "SuplierCountry": "Europe"}, {"Region": "Australia and Oceania", "Country": "East Timor", "Item Type": "Office Supplies", "Sales Channel": "Online", "Order Priority": "C", "Order Date": "2019-04-08", "Order ID": "723483691", "Ship Date": "2020-09-08", "Units Sold": 4443.0, "Unit Price": 664.23, "Unit Cost": 585.79, "Total Revenue": 2951173.89, "Total Cost": 2602664.97, "Total Profit": 348508.92, "ItemID": "ABANGOFF0001GE", "Supplier": "Staples-DE", "SuplierRegion": "Germany", "SuplierCountry": "Europe"}, {"Region": "Central America and the Caribbean", "Country": "Costa Rica", "Item Type": "Meat", "Sales Channel": "Offline", "Order Priority": "C", "Order Date": "2021-01-06", "Order ID": "504335755", "Ship Date": "2022-10-29", "Units Sold": 4797.0, "Unit Price": 220.55, "Unit Cost": 176.55, "Total Revenue": 1057978.35, "Total Cost": 846910.35, "Total Profit": 211068.0, "ItemID": "EITALMEA0072ES", "Supplier": "Fegro-ESP", "SuplierRegion": "Europe", "SuplierCountry": "Spain"}, {"Region": "Europe", "Country": "Croatia", "Item Type": "Cereal", "Sales Channel": "Offline", "Order Priority": "H", "Order Date": "2015-04-17", "Order ID": "359573931", "Ship Date": "2023-10-11", "Units Sold": 5831.0, "Unit Price": 217.45, "Unit Cost": 165.11, "Total Revenue": 1267950.95, "Total Cost": 962756.41, "Total Profit": 305194.54, "ItemID": "EARMECER0053EN", "Supplier": "Rewe-NL", "SuplierRegion": "Europe", "SuplierCountry": "Netherlands"}, {"Region": "Sub-Saharan Africa", "Country": "Burundi", "Item Type": "Snacks", "Sales Channel": "Offline", "Order Priority": "M", "Order Date": "2018-10-02", "Order ID": "714674990", "Ship Date": "2022-03-20", "Units Sold": 6142.0, "Unit Price": 169.36, "Unit Cost": 87.7, "Total Revenue": 1040209.12, "Total Cost": 538653.4, "Total Profit": 501555.72, "ItemID": "AJAPASNA0008GE", "Supplier": "Edeka-DE", "SuplierRegion": "Germany", "SuplierCountry": "Europe"}, {"Region": "Central America and the Caribbean", "Country": "Dominican Republic", "Item Type": "Vegetables", "Sales Channel": "Offline", "Order Priority": "C", "Order Date": "2022-03-04", "Order ID": "741301528", "Ship Date": "2023-08-01", "Units Sold": 1362.0, "Unit Price": 212.19, "Unit Cost": 178.99, "Total Revenue": 289002.78, "Total Cost": 243784.38, "Total Profit": 45218.4, "ItemID": "EDENMVEG0062ES", "Supplier": "Edeka-ESP", "SuplierRegion": "Europe", "SuplierCountry": "Spain"}, {"Region": "Sub-Saharan Africa", "Country": "Seychelles ", "Item Type": "Cereal", "Sales Channel": "Offline", "Order Priority": "C", "Order Date": "2014-08-19", "Order ID": "148023191", "Ship Date": "2020-09-02", "Units Sold": 9151.0, "Unit Price": 170.73, "Unit Cost": 104.23, "Total Revenue": 1562350.23, "Total Cost": 953808.73, "Total Profit": 608541.5, "ItemID": "ACHINCER0005GE", "Supplier": "Rewe-DE", "SuplierRegion": "Germany", "SuplierCountry": "Europe"}, {"Region": "Sub-Saharan Africa", "Country": "Burundi", "Item Type": "Snacks", "Sales Channel": "Online", "Order Priority": "C", "Order Date": "2017-05-04", "Order ID": "210079820", "Ship Date": "2021-02-28", "Units Sold": 4201.0, "Unit Price": 256.5, "Unit Cost": 145.67, "Total Revenue": 1077556.5, "Total Cost": 611959.67, "Total Profit": 465596.83, "ItemID": "MSAUDSNA0044UN", "Supplier": "Edeka-US", "SuplierRegion": "United States of America", "SuplierCountry": "North America"}, {"Region": "Middle East and North Africa", "Country": "Azerbaijan", "Item Type": "Cosmetics", "Sales Channel": "Online", "Order Priority": "C", "Order Date": "2021-08-13", "Order ID": "388145816", "Ship Date": "2022-07-03", "Units Sold": 3236.0, "Unit Price": 175.71, "Unit Cost": 157.04, "Total Revenue": 568597.56, "Total Cost": 508181.44, "Total Profit": 60416.12, "ItemID": "EANDOCOS0052EN", "Supplier": "Beauty-NL", "SuplierRegion": "Europe", "SuplierCountry": "Netherlands"}, {"Region": "Sub-Saharan Africa", "Country": "Ghana", "Item Type": "Clothes", "Sales Channel": "Online", "Order Priority": "H", "Order Date": "2019-03-24", "Order ID": "444809779", "Ship Date": "2020-09-23", "Units Sold": 11.0, "Unit Price": 244.5, "Unit Cost": 179.9, "Total Revenue": 2689.5, "Total Cost": 1978.9, "Total Profit": 710.6, "ItemID": "MIRANCLO0033MT", "Supplier": "H&M-TUR", "SuplierRegion": "Middle East and North Africa", "SuplierCountry": "Turkey"}, {"Region": "Sub-Saharan Africa", "Country": "South Sudan", "Item Type": "Office Supplies", "Sales Channel": "Online", "Order Priority": "C", "Order Date": "2013-01-14", "Order ID": "964217076", "Ship Date": "2014-09-24", "Units Sold": 313.0, "Unit Price": 696.79, "Unit Cost": 493.46, "Total Revenue": 218095.27, "Total Cost": 154452.98, "Total Profit": 63642.29, "ItemID": "ALAOSOFF0013UE", "Supplier": "Staples-UK", "SuplierRegion": "United Kingdom", "SuplierCountry": "Europe"}, {"Region": "Middle East and North Africa", "Country": "Turkey", "Item Type": "Snacks", "Sales Channel": "Online", "Order Priority": "M", "Order Date": "2021-12-01", "Order ID": "967380718", "Ship Date": "2023-07-08", "Units Sold": 6958.0, "Unit Price": 169.36, "Unit Cost": 87.7, "Total Revenue": 1178406.88, "Total Cost": 610216.6, "Total Profit": 568190.28, "ItemID": "AJAPASNA0008GE", "Supplier": "Edeka-DE", "SuplierRegion": "Germany", "SuplierCountry": "Europe"}, {"Region": "Central America and the Caribbean", "Country": "Barbados", "Item Type": "Clothes", "Sales Channel": "Offline", "Order Priority": "L", "Order Date": "2021-11-20", "Order ID": "206062412", "Ship Date": "2022-09-24", "Units Sold": 4795.0, "Unit Price": 229.59, "Unit Cost": 187.71, "Total Revenue": 1100884.05, "Total Cost": 900069.45, "Total Profit": 200814.6, "ItemID": "EBOSNCLO0057EN", "Supplier": "H&M-NL", "SuplierRegion": "Europe", "SuplierCountry": "Netherlands"}, {"Region": "Sub-Saharan Africa", "Country": "Rwanda", "Item Type": "Cosmetics", "Sales Channel": "Offline", "Order Priority": "H", "Order Date": "2012-02-21", "Order ID": "101640868", "Ship Date": "2012-02-21", "Units Sold": 5704.0, "Unit Price": 172.09, "Unit Cost": 154.56, "Total Revenue": 981601.36, "Total Cost": 881610.24, "Total Profit": 99991.12, "ItemID": "MMOROCOS0040UN", "Supplier": "Beauty-US", "SuplierRegion": "United States of America", "SuplierCountry": "North America"}, {"Region": "Asia", "Country": "India", "Item Type": "Household", "Sales Channel": "Online", "Order Priority": "L", "Order Date": "2013-07-20", "Order ID": "351793575", "Ship Date": "2021-11-04", "Units Sold": 3597.0, "Unit Price": 641.54, "Unit Cost": 472.39, "Total Revenue": 2307619.38, "Total Cost": 1699186.83, "Total Profit": 608432.55, "ItemID": "ANORTHOU0010GE", "Supplier": "Wholesale-DE", "SuplierRegion": "Germany", "SuplierCountry": "Europe"}, {"Region": "Europe", "Country": "Netherlands", "Item Type": "Vegetables", "Sales Channel": "Online", "Order Priority": "H", "Order Date": "2022-09-22", "Order ID": "473358214", "Ship Date": "2023-10-15", "Units Sold": 9415.0, "Unit Price": 135.57, "Unit Cost": 85.47, "Total Revenue": 1276391.55, "Total Cost": 804700.05, "Total Profit": 471691.5, "ItemID": "ABHUTVEG0002GE", "Supplier": "Edeka-DE", "SuplierRegion": "Germany", "SuplierCountry": "Europe"}, {"Region": "Europe", "Country": "Croatia", "Item Type": "Baby Food", "Sales Channel": "Offline", "Order Priority": "M", "Order Date": "2010-09-13", "Order ID": "168364557", "Ship Date": "2019-04-05", "Units Sold": 6132.0, "Unit Price": 288.47, "Unit Cost": 119.57, "Total Revenue": 1768898.04, "Total Cost": 733203.24, "Total Profit": 1035694.8, "ItemID": "AINDIBAB0006GE", "Supplier": "Hipp-DE", "SuplierRegion": "Germany", "SuplierCountry": "Europe"}, {"Region": "Middle East and North Africa", "Country": "Somalia", "Item Type": "Household", "Sales Channel": "Online", "Order Priority": "C", "Order Date": "2010-08-24", "Order ID": "733760235", "Ship Date": "2013-05-11", "Units Sold": 3753.0, "Unit Price": 180.33, "Unit Cost": 156.74, "Total Revenue": 676778.49, "Total Cost": 588245.22, "Total Profit": 88533.27, "ItemID": "EICELHOU0070ES", "Supplier": "Wholesale-ESP", "SuplierRegion": "Europe", "SuplierCountry": "Spain"}, {"Region": "Sub-Saharan Africa", "Country": "Cote d'Ivoire", "Item Type": "Fruits", "Sales Channel": "Offline", "Order Priority": "L", "Order Date": "2019-11-26", "Order ID": "886681377", "Ship Date": "2021-10-09", "Units Sold": 4315.0, "Unit Price": 183.5, "Unit Cost": 160.75, "Total Revenue": 791802.5, "Total Cost": 693636.25, "Total Profit": 98166.25, "ItemID": "EALBAFRU0051EN", "Supplier": "Penny-NL", "SuplierRegion": "Europe", "SuplierCountry": "Netherlands"}, {"Region": "Central America and the Caribbean", "Country": "Trinidad and Tobago", "Item Type": "Clothes", "Sales Channel": "Online", "Order Priority": "L", "Order Date": "2023-01-04", "Order ID": "503809777", "Ship Date": "2023-03-03", "Units Sold": 6884.0, "Unit Price": 98.35, "Unit Cost": 30.46, "Total Revenue": 677041.4, "Total Cost": 209686.64, "Total Profit": 467354.76, "ItemID": "AKAZACLO0009GE", "Supplier": "H&M-DE", "SuplierRegion": "Germany", "SuplierCountry": "Europe"}, {"Region": "Sub-Saharan Africa", "Country": "Mauritania", "Item Type": "Cosmetics", "Sales Channel": "Offline", "Order Priority": "H", "Order Date": "2011-11-24", "Order ID": "818830546", "Ship Date": "2013-06-25", "Units Sold": 2559.0, "Unit Price": 242.36, "Unit Cost": 178.69, "Total Revenue": 620199.24, "Total Cost": 457267.71, "Total Profit": 162931.53, "ItemID": "MAFGHCOS0028MT", "Supplier": "Beauty-TUR", "SuplierRegion": "Middle East and North Africa", "SuplierCountry": "Turkey"}, {"Region": "Europe", "Country": "Greece", "Item Type": "Clothes", "Sales Channel": "Offline", "Order Priority": "C", "Order Date": "2015-03-11", "Order ID": "492259454", "Ship Date": "2023-11-27", "Units Sold": 9470.0, "Unit Price": 244.5, "Unit Cost": 179.9, "Total Revenue": 2315415.0, "Total Cost": 1703653.0, "Total Profit": 611762.0, "ItemID": "MIRANCLO0033MT", "Supplier": "H&M-TUR", "SuplierRegion": "Middle East and North Africa", "SuplierCountry": "Turkey"}, {"Region": "Europe", "Country": "Hungary", "Item Type": "Vegetables", "Sales Channel": "Offline", "Order Priority": "C", "Order Date": "2017-09-27", "Order ID": "237539520", "Ship Date": "2018-04-30", "Units Sold": 7779.0, "Unit Price": 250.48, "Unit Cost": 182.08, "Total Revenue": 1948483.92, "Total Cost": 1416400.32, "Total Profit": 532083.6, "ItemID": "MYEMEVEG0050EN", "Supplier": "Edeka-NL", "SuplierRegion": "Europe", "SuplierCountry": "Netherlands"}, {"Region": "Europe", "Country": "Austria", "Item Type": "Fruits", "Sales Channel": "Offline", "Order Priority": "H", "Order Date": "2015-06-21", "Order ID": "171844530", "Ship Date": "2022-03-30", "Units Sold": 4677.0, "Unit Price": 7.65, "Unit Cost": 6.37, "Total Revenue": 35779.05, "Total Cost": 29792.49, "Total Profit": 5986.56, "ItemID": "AMALDFRU0015UE", "Supplier": "Penny-UK", "SuplierRegion": "United Kingdom", "SuplierCountry": "Europe"}, {"Region": "Europe", "Country": "Portugal", "Item Type": "Household", "Sales Channel": "Online", "Order Priority": "L", "Order Date": "2016-12-03", "Order ID": "383854925", "Ship Date": "2020-03-27", "Units Sold": 9389.0, "Unit Price": 254.23, "Unit Cost": 147.57, "Total Revenue": 2386965.47, "Total Cost": 1385534.73, "Total Profit": 1001430.74, "ItemID": "MIRAQHOU0034MT", "Supplier": "Wholesale-TUR", "SuplierRegion": "Middle East and North Africa", "SuplierCountry": "Turkey"}, {"Region": "Central America and the Caribbean", "Country": "Haiti", "Item Type": "Personal Care", "Sales Channel": "Offline", "Order Priority": "H", "Order Date": "2016-04-01", "Order ID": "403531499", "Ship Date": "2016-10-04", "Units Sold": 8169.0, "Unit Price": 156.05, "Unit Cost": 160.47, "Total Revenue": 1274772.45, "Total Cost": 1310879.43, "Total Profit": "-36106,98", "ItemID": "ECROAPER0059EN", "Supplier": "Health-NL", "SuplierRegion": "Europe", "SuplierCountry": "Netherlands"}, {"Region": "Europe", "Country": "Iceland", "Item Type": "Office Supplies", "Sales Channel": "Online", "Order Priority": "H", "Order Date": "2022-05-29", "Order ID": "720199817", "Ship Date": "2022-07-20", "Units Sold": 9303.0, "Unit Price": 145.44, "Unit Cost": 150.95, "Total Revenue": 1353028.32, "Total Cost": 1404287.85, "Total Profit": "-51259,53", "ItemID": "ECZECOFF0061ES", "Supplier": "Staples-ESP", "SuplierRegion": "Europe", "SuplierCountry": "Spain"}, {"Region": "Sub-Saharan Africa", "Country": "The Gambia", "Item Type": "Vegetables", "Sales Channel": "Online", "Order Priority": "C", "Order Date": "2016-08-18", "Order ID": "200368067", "Ship Date": "2019-11-28", "Units Sold": 8108.0, "Unit Price": 135.57, "Unit Cost": 85.47, "Total Revenue": 1099201.56, "Total Cost": 692990.76, "Total Profit": 406210.8, "ItemID": "ABHUTVEG0002GE", "Supplier": "Edeka-DE", "SuplierRegion": "Germany", "SuplierCountry": "Europe"}, {"Region": "Sub-Saharan Africa", "Country": "Benin", "Item Type": "Personal Care", "Sales Channel": "Online", "Order Priority": "M", "Order Date": "2020-02-02", "Order ID": "824459101", "Ship Date": "2023-05-07", "Units Sold": 1934.0, "Unit Price": 96.44, "Unit Cost": 43.07, "Total Revenue": 186514.96, "Total Cost": 83297.38, "Total Profit": 103217.58, "ItemID": "ASOUTPER0011GE", "Supplier": "Health-DE", "SuplierRegion": "Germany", "SuplierCountry": "Europe"}, {"Region": "Europe", "Country": "Latvia", "Item Type": "Personal Care", "Sales Channel": "Online", "Order Priority": "L", "Order Date": "2018-05-09", "Order ID": "425891785", "Ship Date": "2019-03-15", "Units Sold": 5160.0, "Unit Price": 156.05, "Unit Cost": 160.47, "Total Revenue": 805218.0, "Total Cost": 828025.2, "Total Profit": "-22807,20", "ItemID": "ECROAPER0059EN", "Supplier": "Health-NL", "SuplierRegion": "Europe", "SuplierCountry": "Netherlands"}, {"Region": "Asia", "Country": "Uzbekistan", "Item Type": "Household", "Sales Channel": "Offline", "Order Priority": "L", "Order Date": "2017-12-22", "Order ID": "319975295", "Ship Date": "2018-11-02", "Units Sold": 4198.0, "Unit Price": 180.33, "Unit Cost": 156.74, "Total Revenue": 757025.34, "Total Cost": 657994.52, "Total Profit": 99030.82, "ItemID": "EICELHOU0070ES", "Supplier": "Wholesale-ESP", "SuplierRegion": "Europe", "SuplierCountry": "Spain"}, {"Region": "Europe", "Country": "Portugal", "Item Type": "Cosmetics", "Sales Channel": "Offline", "Order Priority": "H", "Order Date": "2023-12-03", "Order ID": "522482462", "Ship Date": "2023-12-12", "Units Sold": 2489.0, "Unit Price": 242.36, "Unit Cost": 178.69, "Total Revenue": 603234.04, "Total Cost": 444759.41, "Total Profit": 158474.63, "ItemID": "MAFGHCOS0028MT", "Supplier": "Beauty-TUR", "SuplierRegion": "Middle East and North Africa", "SuplierCountry": "Turkey"}, {"Region": "Sub-Saharan Africa", "Country": "Nigeria", "Item Type": "Office Supplies", "Sales Channel": "Online", "Order Priority": "H", "Order Date": "2018-12-12", "Order ID": "748637318", "Ship Date": "2023-05-24", "Units Sold": 5508.0, "Unit Price": 696.79, "Unit Cost": 493.46, "Total Revenue": 3837919.32, "Total Cost": 2717977.68, "Total Profit": 1119941.64, "ItemID": "ALAOSOFF0013UE", "Supplier": "Staples-UK", "SuplierRegion": "United Kingdom", "SuplierCountry": "Europe"}, {"Region": "Asia", "Country": "Thailand", "Item Type": "Cereal", "Sales Channel": "Online", "Order Priority": "L", "Order Date": "2013-11-09", "Order ID": "185880041", "Ship Date": "2014-05-24", "Units Sold": 5758.0, "Unit Price": 158.39, "Unit Cost": 106.57, "Total Revenue": 912009.62, "Total Cost": 613630.06, "Total Profit": 298379.56, "ItemID": "AMYANCER0017UE", "Supplier": "Rewe-UK", "SuplierRegion": "United Kingdom", "SuplierCountry": "Europe"}, {"Region": "Asia", "Country": "Malaysia", "Item Type": "Office Supplies", "Sales Channel": "Offline", "Order Priority": "L", "Order Date": "2012-03-05", "Order ID": "554503484", "Ship Date": "2015-10-04", "Units Sold": 7777.0, "Unit Price": 145.44, "Unit Cost": 150.95, "Total Revenue": 1131086.88, "Total Cost": 1173938.15, "Total Profit": "-42851,27", "ItemID": "ECZECOFF0061ES", "Supplier": "Staples-ESP", "SuplierRegion": "Europe", "SuplierCountry": "Spain"}, {"Region": "Sub-Saharan Africa", "Country": "Mauritania", "Item Type": "Cereal", "Sales Channel": "Offline", "Order Priority": "M", "Order Date": "2018-08-20", "Order ID": "214699378", "Ship Date": "2023-11-07", "Units Sold": 3132.0, "Unit Price": 170.73, "Unit Cost": 104.23, "Total Revenue": 534726.36, "Total Cost": 326448.36, "Total Profit": 208278.0, "ItemID": "ACHINCER0005GE", "Supplier": "Rewe-DE", "SuplierRegion": "Germany", "SuplierCountry": "Europe"}, {"Region": "Europe", "Country": "Ireland", "Item Type": "Meat", "Sales Channel": "Online", "Order Priority": "L", "Order Date": "2019-06-05", "Order ID": "503199734", "Ship Date": "2020-08-03", "Units Sold": 5421.0, "Unit Price": 345.95, "Unit Cost": 309.99, "Total Revenue": 1875394.95, "Total Cost": 1680455.79, "Total Profit": 194939.16, "ItemID": "ATHAIMEA0024UE", "Supplier": "Fegro-UK", "SuplierRegion": "United Kingdom", "SuplierCountry": "Europe"}, {"Region": "Middle East and North Africa", "Country": "Lebanon", "Item Type": "Fruits", "Sales Channel": "Offline", "Order Priority": "C", "Order Date": "2023-01-16", "Order ID": "804936080", "Ship Date": "2023-03-20", "Units Sold": 5274.0, "Unit Price": 200.95, "Unit Cost": 173.25, "Total Revenue": 1059810.3, "Total Cost": 913720.5, "Total Profit": 146089.8, "ItemID": "EESTOFRU0063ES", "Supplier": "Penny-ESP", "SuplierRegion": "Europe", "SuplierCountry": "Spain"}, {"Region": "Central America and the Caribbean", "Country": "Costa Rica", "Item Type": "Cereal", "Sales Channel": "Offline", "Order Priority": "L", "Order Date": "2011-01-16", "Order ID": "900895583", "Ship Date": "2021-12-14", "Units Sold": 5353.0, "Unit Price": 158.39, "Unit Cost": 106.57, "Total Revenue": 847861.67, "Total Cost": 570469.21, "Total Profit": 277392.46, "ItemID": "AMYANCER0017UE", "Supplier": "Rewe-UK", "SuplierRegion": "United Kingdom", "SuplierCountry": "Europe"}, {"Region": "Middle East and North Africa", "Country": "Morocco", "Item Type": "Office Supplies", "Sales Channel": "Offline", "Order Priority": "C", "Order Date": "2014-04-22", "Order ID": "492070809", "Ship Date": "2015-05-22", "Units Sold": 5350.0, "Unit Price": 145.44, "Unit Cost": 150.95, "Total Revenue": 778104.0, "Total Cost": 807582.5, "Total Profit": "-29478,50", "ItemID": "ECZECOFF0061ES", "Supplier": "Staples-ESP", "SuplierRegion": "Europe", "SuplierCountry": "Spain"}, {"Region": "Sub-Saharan Africa", "Country": "Chad", "Item Type": "Baby Food", "Sales Channel": "Online", "Order Priority": "L", "Order Date": "2015-04-03", "Order ID": "173922553", "Ship Date": "2022-05-24", "Units Sold": 6987.0, "Unit Price": 221.44, "Unit Cost": 173.45, "Total Revenue": 1547201.28, "Total Cost": 1211895.15, "Total Profit": 335306.13, "ItemID": "MAZERBAB0030MT", "Supplier": "Hipp-TUR", "SuplierRegion": "Middle East and North Africa", "SuplierCountry": "Turkey"}, {"Region": "Asia", "Country": "India", "Item Type": "Personal Care", "Sales Channel": "Offline", "Order Priority": "M", "Order Date": "2014-11-14", "Order ID": "502131245", "Ship Date": "2024-01-01", "Units Sold": 9021.0, "Unit Price": 242.75, "Unit Cost": 151.6, "Total Revenue": 2189847.75, "Total Cost": 1367583.6, "Total Profit": 822264.15, "ItemID": "MISRAPER0035MT", "Supplier": "Health-TUR", "SuplierRegion": "Middle East and North Africa", "SuplierCountry": "Turkey"}, {"Region": "Asia", "Country": "Kyrgyzstan", "Item Type": "Snacks", "Sales Channel": "Offline", "Order Priority": "L", "Order Date": "2023-04-02", "Order ID": "949602724", "Ship Date": "2023-06-13", "Units Sold": 2238.0, "Unit Price": 169.59, "Unit Cost": 170.37, "Total Revenue": 379542.42, "Total Cost": 381288.06, "Total Profit": "-1745,64", "ItemID": "EGREESNA0068ES", "Supplier": "Edeka-ESP", "SuplierRegion": "Europe", "SuplierCountry": "Spain"}, {"Region": "Asia", "Country": "Malaysia", "Item Type": "Meat", "Sales Channel": "Online", "Order Priority": "L", "Order Date": "2010-05-30", "Order ID": "857577138", "Ship Date": "2016-06-23", "Units Sold": 4454.0, "Unit Price": 238.37, "Unit Cost": 171.02, "Total Revenue": 1061699.98, "Total Cost": 761723.08, "Total Profit": 299976.9, "ItemID": "MJORDMEA0036MT", "Supplier": "Fegro-TUR", "SuplierRegion": "Middle East and North Africa", "SuplierCountry": "Turkey"}, {"Region": "Middle East and North Africa", "Country": "Libya", "Item Type": "Vegetables", "Sales Channel": "Offline", "Order Priority": "M", "Order Date": "2023-01-07", "Order ID": "309300253", "Ship Date": "2023-06-19", "Units Sold": 5519.0, "Unit Price": 146.36, "Unit Cost": 70.93, "Total Revenue": 807760.84, "Total Cost": 391462.67, "Total Profit": 416298.17, "ItemID": "AMALAVEG0014UE", "Supplier": "Edeka-UK", "SuplierRegion": "United Kingdom", "SuplierCountry": "Europe"}, {"Region": "Asia", "Country": "Cambodia", "Item Type": "Fruits", "Sales Channel": "Offline", "Order Priority": "M", "Order Date": "2012-04-02", "Order ID": "264655394", "Ship Date": "2013-11-02", "Units Sold": 2312.0, "Unit Price": 200.95, "Unit Cost": 173.25, "Total Revenue": 464596.4, "Total Cost": 400554.0, "Total Profit": 64042.4, "ItemID": "EESTOFRU0063ES", "Supplier": "Penny-ESP", "SuplierRegion": "Europe", "SuplierCountry": "Spain"}, {"Region": "Australia and Oceania", "Country": "Kiribati", "Item Type": "Cereal", "Sales Channel": "Online", "Order Priority": "L", "Order Date": "2015-11-02", "Order ID": "873070917", "Ship Date": "2021-03-20", "Units Sold": 3745.0, "Unit Price": 217.45, "Unit Cost": 165.11, "Total Revenue": 814350.25, "Total Cost": 618336.95, "Total Profit": 196013.3, "ItemID": "EARMECER0053EN", "Supplier": "Rewe-NL", "SuplierRegion": "Europe", "SuplierCountry": "Netherlands"}, {"Region": "Sub-Saharan Africa", "Country": "Liberia", "Item Type": "Personal Care", "Sales Channel": "Offline", "Order Priority": "H", "Order Date": "2018-08-11", "Order ID": "914063816", "Ship Date": "2023-11-17", "Units Sold": 5759.0, "Unit Price": 156.05, "Unit Cost": 160.47, "Total Revenue": 898691.95, "Total Cost": 924146.73, "Total Profit": "-25454,78", "ItemID": "ECROAPER0059EN", "Supplier": "Health-NL", "SuplierRegion": "Europe", "SuplierCountry": "Netherlands"}, {"Region": "Europe", "Country": "Bosnia and Herzegovina", "Item Type": "Snacks", "Sales Channel": "Online", "Order Priority": "M", "Order Date": "2019-10-27", "Order ID": "240893263", "Ship Date": "2022-02-26", "Units Sold": 6329.0, "Unit Price": 251.34, "Unit Cost": 173.93, "Total Revenue": 1590730.86, "Total Cost": 1100802.97, "Total Profit": 489927.89, "ItemID": "MEGYPSNA0032MT", "Supplier": "Edeka-TUR", "SuplierRegion": "Middle East and North Africa", "SuplierCountry": "Turkey"}, {"Region": "Central America and the Caribbean", "Country": "Costa Rica", "Item Type": "Household", "Sales Channel": "Offline", "Order Priority": "L", "Order Date": "2023-05-12", "Order ID": "593872465", "Ship Date": "2023-07-26", "Units Sold": 459.0, "Unit Price": 170.86, "Unit Cost": 172.13, "Total Revenue": 78424.74, "Total Cost": 79007.67, "Total Profit": "-582,93", "ItemID": "EBULGHOU0058EN", "Supplier": "Wholesale-NL", "SuplierRegion": "Europe", "SuplierCountry": "Netherlands"}, {"Region": "Central America and the Caribbean", "Country": "Guatemala", "Item Type": "Cereal", "Sales Channel": "Online", "Order Priority": "C", "Order Date": "2011-02-23", "Order ID": "268110800", "Ship Date": "2022-08-06", "Units Sold": 5185.0, "Unit Price": 274.76, "Unit Cost": 150.38, "Total Revenue": 1424630.6, "Total Cost": 779720.3, "Total Profit": 644910.3, "ItemID": "MALGECER0029MT", "Supplier": "Rewe-TUR", "SuplierRegion": "Middle East and North Africa", "SuplierCountry": "Turkey"}, {"Region": "Sub-Saharan Africa", "Country": "Lesotho", "Item Type": "Cereal", "Sales Channel": "Online", "Order Priority": "C", "Order Date": "2013-11-16", "Order ID": "272649743", "Ship Date": "2016-08-12", "Units Sold": 4575.0, "Unit Price": 201.57, "Unit Cost": 158.63, "Total Revenue": 922182.75, "Total Cost": 725732.25, "Total Profit": 196450.5, "ItemID": "MOMANCER0041UN", "Supplier": "Rewe-US", "SuplierRegion": "United States of America", "SuplierCountry": "North America"}, {"Region": "Europe", "Country": "Latvia", "Item Type": "Clothes", "Sales Channel": "Offline", "Order Priority": "L", "Order Date": "2011-12-09", "Order ID": "818902495", "Ship Date": "2021-04-05", "Units Sold": 4728.0, "Unit Price": 192.47, "Unit Cost": 176.61, "Total Revenue": 909998.16, "Total Cost": 835012.08, "Total Profit": 74986.08, "ItemID": "EHUNGCLO0069ES", "Supplier": "H&M-ESP", "SuplierRegion": "Europe", "SuplierCountry": "Spain"}, {"Region": "Asia", "Country": "Singapore", "Item Type": "Cereal", "Sales Channel": "Online", "Order Priority": "H", "Order Date": "2013-05-07", "Order ID": "229555167", "Ship Date": "2023-01-26", "Units Sold": 8774.0, "Unit Price": 170.73, "Unit Cost": 104.23, "Total Revenue": 1497985.02, "Total Cost": 914514.02, "Total Profit": 583471.0, "ItemID": "ACHINCER0005GE", "Supplier": "Rewe-DE", "SuplierRegion": "Germany", "SuplierCountry": "Europe"}, {"Region": "Europe", "Country": "Russia", "Item Type": "Cosmetics", "Sales Channel": "Online", "Order Priority": "H", "Order Date": "2011-09-18", "Order ID": "689375968", "Ship Date": "2014-07-06", "Units Sold": 1872.0, "Unit Price": 175.71, "Unit Cost": 157.04, "Total Revenue": 328929.12, "Total Cost": 293978.88, "Total Profit": 34950.24, "ItemID": "EANDOCOS0052EN", "Supplier": "Beauty-NL", "SuplierRegion": "Europe", "SuplierCountry": "Netherlands"}, {"Region": "Europe", "Country": "Norway", "Item Type": "Fruits", "Sales Channel": "Offline", "Order Priority": "C", "Order Date": "2011-04-23", "Order ID": "934370344", "Ship Date": "2023-09-03", "Units Sold": 6217.0, "Unit Price": 257.04, "Unit Cost": 154.35, "Total Revenue": 1598017.68, "Total Cost": 959593.95, "Total Profit": 638423.73, "ItemID": "MLIBYFRU0039UN", "Supplier": "Penny-US", "SuplierRegion": "United States of America", "SuplierCountry": "North America"}, {"Region": "Sub-Saharan Africa", "Country": "Swaziland", "Item Type": "Vegetables", "Sales Channel": "Online", "Order Priority": "M", "Order Date": "2023-06-04", "Order ID": "279952018", "Ship Date": "2023-10-29", "Units Sold": 6031.0, "Unit Price": 216.09, "Unit Cost": 179.19, "Total Revenue": 1303238.79, "Total Cost": 1080694.89, "Total Profit": 222543.9, "ItemID": "MLEBAVEG0038UN", "Supplier": "Edeka-US", "SuplierRegion": "United States of America", "SuplierCountry": "North America"}, {"Region": "Asia", "Country": "Brunei", "Item Type": "Clothes", "Sales Channel": "Online", "Order Priority": "M", "Order Date": "2013-08-13", "Order ID": "819746047", "Ship Date": "2023-06-20", "Units Sold": 2570.0, "Unit Price": 244.5, "Unit Cost": 179.9, "Total Revenue": 628365.0, "Total Cost": 462343.0, "Total Profit": 166022.0, "ItemID": "MIRANCLO0033MT", "Supplier": "H&M-TUR", "SuplierRegion": "Middle East and North Africa", "SuplierCountry": "Turkey"}, {"Region": "Australia and Oceania", "Country": "Marshall Islands", "Item Type": "Household", "Sales Channel": "Online", "Order Priority": "H", "Order Date": "2013-04-17", "Order ID": "629967446", "Ship Date": "2021-04-25", "Units Sold": 9119.0, "Unit Price": 254.23, "Unit Cost": 147.57, "Total Revenue": 2318323.37, "Total Cost": 1345690.83, "Total Profit": 972632.54, "ItemID": "MIRAQHOU0034MT", "Supplier": "Wholesale-TUR", "SuplierRegion": "Middle East and North Africa", "SuplierCountry": "Turkey"}, {"Region": "Middle East and North Africa", "Country": "Lebanon", "Item Type": "Vegetables", "Sales Channel": "Offline", "Order Priority": "L", "Order Date": "2017-03-11", "Order ID": "372461374", "Ship Date": "2022-11-04", "Units Sold": 5996.0, "Unit Price": 216.09, "Unit Cost": 179.19, "Total Revenue": 1295675.64, "Total Cost": 1074423.24, "Total Profit": 221252.4, "ItemID": "MLEBAVEG0038UN", "Supplier": "Edeka-US", "SuplierRegion": "United States of America", "SuplierCountry": "North America"}, {"Region": "Middle East and North Africa", "Country": "Jordan", "Item Type": "Cereal", "Sales Channel": "Offline", "Order Priority": "C", "Order Date": "2015-09-04", "Order ID": "177610578", "Ship Date": "2017-09-28", "Units Sold": 5549.0, "Unit Price": 130.4, "Unit Cost": 183.69, "Total Revenue": 723589.6, "Total Cost": 1019295.81, "Total Profit": "-295706,21", "ItemID": "EFRANCER0065ES", "Supplier": "Rewe-ESP", "SuplierRegion": "Europe", "SuplierCountry": "Spain"}, {"Region": "Sub-Saharan Africa", "Country": "Chad", "Item Type": "Cosmetics", "Sales Channel": "Online", "Order Priority": "C", "Order Date": "2013-08-10", "Order ID": "242450962", "Ship Date": "2015-07-01", "Units Sold": 7159.0, "Unit Price": 175.71, "Unit Cost": 157.04, "Total Revenue": 1257907.89, "Total Cost": 1124249.36, "Total Profit": 133658.53, "ItemID": "EANDOCOS0052EN", "Supplier": "Beauty-NL", "SuplierRegion": "Europe", "SuplierCountry": "Netherlands"}, {"Region": "Europe", "Country": "Moldova ", "Item Type": "Beverages", "Sales Channel": "Offline", "Order Priority": "H", "Order Date": "2018-04-05", "Order ID": "280684522", "Ship Date": "2020-11-23", "Units Sold": 2236.0, "Unit Price": 183.43, "Unit Cost": 154.6, "Total Revenue": 410149.48, "Total Cost": 345685.6, "Total Profit": 64463.88, "ItemID": "MBAHRBEV0031MT", "Supplier": "WIFA-TUR", "SuplierRegion": "Middle East and North Africa", "SuplierCountry": "Turkey"}, {"Region": "Europe", "Country": "Montenegro", "Item Type": "Clothes", "Sales Channel": "Online", "Order Priority": "C", "Order Date": "2022-05-18", "Order ID": "122137072", "Ship Date": "2023-12-04", "Units Sold": 9224.0, "Unit Price": 128.95, "Unit Cost": 27.24, "Total Revenue": 1189434.8, "Total Cost": 251261.76, "Total Profit": 938173.04, "ItemID": "ASRI CLO0021UE", "Supplier": "H&M-UK", "SuplierRegion": "United Kingdom", "SuplierCountry": "Europe"}, {"Region": "Sub-Saharan Africa", "Country": "Comoros", "Item Type": "Cosmetics", "Sales Channel": "Offline", "Order Priority": "H", "Order Date": "2014-06-15", "Order ID": "508623151", "Ship Date": "2015-11-27", "Units Sold": 8595.0, "Unit Price": 154.75, "Unit Cost": 161.51, "Total Revenue": 1330076.25, "Total Cost": 1388178.45, "Total Profit": "-58102,20", "ItemID": "EFINLCOS0064ES", "Supplier": "Beauty-ESP", "SuplierRegion": "Europe", "SuplierCountry": "Spain"}, {"Region": "Central America and the Caribbean", "Country": "Dominican Republic", "Item Type": "Office Supplies", "Sales Channel": "Offline", "Order Priority": "H", "Order Date": "2015-06-01", "Order ID": "397615284", "Ship Date": "2020-03-25", "Units Sold": 7854.0, "Unit Price": 213.85, "Unit Cost": 156.42, "Total Revenue": 1679577.9, "Total Cost": 1228522.68, "Total Profit": 451055.22, "ItemID": "MUNITOFF0049EN", "Supplier": "Staples-NL", "SuplierRegion": "Europe", "SuplierCountry": "Netherlands"}, {"Region": "Europe", "Country": "Denmark", "Item Type": "Cosmetics", "Sales Channel": "Offline", "Order Priority": "C", "Order Date": "2018-07-03", "Order ID": "368799599", "Ship Date": "2019-03-28", "Units Sold": 6538.0, "Unit Price": 242.36, "Unit Cost": 178.69, "Total Revenue": 1584549.68, "Total Cost": 1168275.22, "Total Profit": 416274.46, "ItemID": "MAFGHCOS0028MT", "Supplier": "Beauty-TUR", "SuplierRegion": "Middle East and North Africa", "SuplierCountry": "Turkey"}, {"Region": "Central America and the Caribbean", "Country": "Costa Rica", "Item Type": "Snacks", "Sales Channel": "Offline", "Order Priority": "L", "Order Date": "2018-05-08", "Order ID": "111858745", "Ship Date": "2018-10-30", "Units Sold": 1214.0, "Unit Price": 256.5, "Unit Cost": 145.67, "Total Revenue": 311391.0, "Total Cost": 176843.38, "Total Profit": 134547.62, "ItemID": "MSAUDSNA0044UN", "Supplier": "Edeka-US", "SuplierRegion": "United States of America", "SuplierCountry": "North America"}, {"Region": "Sub-Saharan Africa", "Country": "Sao Tome and Principe", "Item Type": "Beverages", "Sales Channel": "Offline", "Order Priority": "H", "Order Date": "2013-01-23", "Order ID": "199515419", "Ship Date": "2018-02-25", "Units Sold": 481.0, "Unit Price": 51.25, "Unit Cost": 25.75, "Total Revenue": 24651.25, "Total Cost": 12385.75, "Total Profit": 12265.5, "ItemID": "APHILBEV0019UE", "Supplier": "WIFA-UK", "SuplierRegion": "United Kingdom", "SuplierCountry": "Europe"}, {"Region": "Asia", "Country": "Malaysia", "Item Type": "Baby Food", "Sales Channel": "Online", "Order Priority": "C", "Order Date": "2013-12-09", "Order ID": "814177154", "Ship Date": "2020-06-17", "Units Sold": 9968.0, "Unit Price": 288.47, "Unit Cost": 119.57, "Total Revenue": 2875468.96, "Total Cost": 1191873.76, "Total Profit": 1683595.2, "ItemID": "AINDIBAB0006GE", "Supplier": "Hipp-DE", "SuplierRegion": "Germany", "SuplierCountry": "Europe"}, {"Region": "Asia", "Country": "Kyrgyzstan", "Item Type": "Clothes", "Sales Channel": "Offline", "Order Priority": "C", "Order Date": "2019-11-17", "Order ID": "321605203", "Ship Date": "2023-06-27", "Units Sold": 7337.0, "Unit Price": 98.35, "Unit Cost": 30.46, "Total Revenue": 721593.95, "Total Cost": 223485.02, "Total Profit": 498108.93, "ItemID": "AKAZACLO0009GE", "Supplier": "H&M-DE", "SuplierRegion": "Germany", "SuplierCountry": "Europe"}, {"Region": "Asia", "Country": "Bhutan", "Item Type": "Clothes", "Sales Channel": "Offline", "Order Priority": "H", "Order Date": "2012-06-11", "Order ID": "134703417", "Ship Date": "2016-04-29", "Units Sold": 7280.0, "Unit Price": 128.95, "Unit Cost": 27.24, "Total Revenue": 938756.0, "Total Cost": 198307.2, "Total Profit": 740448.8, "ItemID": "ASRI CLO0021UE", "Supplier": "H&M-UK", "SuplierRegion": "United Kingdom", "SuplierCountry": "Europe"}, {"Region": "Asia", "Country": "Brunei", "Item Type": "Household", "Sales Channel": "Online", "Order Priority": "M", "Order Date": "2013-04-01", "Order ID": "359456483", "Ship Date": "2016-04-23", "Units Sold": 6520.0, "Unit Price": 170.86, "Unit Cost": 172.13, "Total Revenue": 1114007.2, "Total Cost": 1122287.6, "Total Profit": "-8280,40", "ItemID": "EBULGHOU0058EN", "Supplier": "Wholesale-NL", "SuplierRegion": "Europe", "SuplierCountry": "Netherlands"}, {"Region": "Central America and the Caribbean", "Country": "The Bahamas", "Item Type": "Cosmetics", "Sales Channel": "Online", "Order Priority": "C", "Order Date": "2021-09-24", "Order ID": "412625448", "Ship Date": "2023-03-03", "Units Sold": 8813.0, "Unit Price": 175.71, "Unit Cost": 157.04, "Total Revenue": 1548532.23, "Total Cost": 1383993.52, "Total Profit": 164538.71, "ItemID": "EANDOCOS0052EN", "Supplier": "Beauty-NL", "SuplierRegion": "Europe", "SuplierCountry": "Netherlands"}, {"Region": "Asia", "Country": "Cambodia", "Item Type": "Baby Food", "Sales Channel": "Online", "Order Priority": "H", "Order Date": "2018-08-11", "Order ID": "408617446", "Ship Date": "2020-01-04", "Units Sold": 9944.0, "Unit Price": 221.44, "Unit Cost": 173.45, "Total Revenue": 2201999.36, "Total Cost": 1724786.8, "Total Profit": 477212.56, "ItemID": "MAZERBAB0030MT", "Supplier": "Hipp-TUR", "SuplierRegion": "Middle East and North Africa", "SuplierCountry": "Turkey"}, {"Region": "Middle East and North Africa", "Country": "Afghanistan", "Item Type": "Beverages", "Sales Channel": "Offline", "Order Priority": "L", "Order Date": "2017-08-09", "Order ID": "663224201", "Ship Date": "2019-12-27", "Units Sold": 2732.0, "Unit Price": 49.82, "Unit Cost": 24.16, "Total Revenue": 136108.24, "Total Cost": 66005.12, "Total Profit": 70103.12, "ItemID": "AINDOBEV0007GE", "Supplier": "WIFA-DE", "SuplierRegion": "Germany", "SuplierCountry": "Europe"}, {"Region": "Central America and the Caribbean", "Country": "Haiti", "Item Type": "Clothes", "Sales Channel": "Online", "Order Priority": "C", "Order Date": "2011-01-16", "Order ID": "900368732", "Ship Date": "2018-10-12", "Units Sold": 2024.0, "Unit Price": 128.95, "Unit Cost": 27.24, "Total Revenue": 260994.8, "Total Cost": 55133.76, "Total Profit": 205861.04, "ItemID": "ASRI CLO0021UE", "Supplier": "H&M-UK", "SuplierRegion": "United Kingdom", "SuplierCountry": "Europe"}, {"Region": "Europe", "Country": "Poland", "Item Type": "Fruits", "Sales Channel": "Offline", "Order Priority": "H", "Order Date": "2012-11-01", "Order ID": "886399386", "Ship Date": "2013-05-03", "Units Sold": 9701.0, "Unit Price": 284.19, "Unit Cost": 172.75, "Total Revenue": 2756927.19, "Total Cost": 1675847.75, "Total Profit": 1081079.44, "ItemID": "AVIETFRU0027MT", "Supplier": "Penny-TUR", "SuplierRegion": "Middle East and North Africa", "SuplierCountry": "Turkey"}, {"Region": "Central America and the Caribbean", "Country": "Haiti", "Item Type": "Fruits", "Sales Channel": "Online", "Order Priority": "H", "Order Date": "2010-10-16", "Order ID": "332706351", "Ship Date": "2020-07-27", "Units Sold": 9674.0, "Unit Price": 8.77, "Unit Cost": 5.47, "Total Revenue": 84840.98, "Total Cost": 52916.78, "Total Profit": 31924.2, "ItemID": "ABRUNFRU0003GE", "Supplier": "Penny-DE", "SuplierRegion": "Germany", "SuplierCountry": "Europe"}, {"Region": "Europe", "Country": "Lithuania", "Item Type": "Household", "Sales Channel": "Online", "Order Priority": "L", "Order Date": "2016-09-20", "Order ID": "448889917", "Ship Date": "2019-07-14", "Units Sold": 2884.0, "Unit Price": 170.86, "Unit Cost": 172.13, "Total Revenue": 492760.24, "Total Cost": 496422.92, "Total Profit": "-3662,68", "ItemID": "EBULGHOU0058EN", "Supplier": "Wholesale-NL", "SuplierRegion": "Europe", "SuplierCountry": "Netherlands"}, {"Region": "Asia", "Country": "South Korea", "Item Type": "Office Supplies", "Sales Channel": "Online", "Order Priority": "C", "Order Date": "2014-07-05", "Order ID": "776400342", "Ship Date": "2019-05-24", "Units Sold": 2306.0, "Unit Price": 266.15, "Unit Cost": 182.8, "Total Revenue": 613741.9, "Total Cost": 421536.8, "Total Profit": 192205.1, "ItemID": "MKUWAOFF0037UN", "Supplier": "Staples-US", "SuplierRegion": "United States of America", "SuplierCountry": "North America"}, {"Region": "Middle East and North Africa", "Country": "Egypt", "Item Type": "Office Supplies", "Sales Channel": "Online", "Order Priority": "C", "Order Date": "2019-12-15", "Order ID": "915505900", "Ship Date": "2020-06-16", "Units Sold": 7945.0, "Unit Price": 145.44, "Unit Cost": 150.95, "Total Revenue": 1155520.8, "Total Cost": 1199297.75, "Total Profit": "-43776,95", "ItemID": "ECZECOFF0061ES", "Supplier": "Staples-ESP", "SuplierRegion": "Europe", "SuplierCountry": "Spain"}, {"Region": "Middle East and North Africa", "Country": "Tunisia ", "Item Type": "Clothes", "Sales Channel": "Offline", "Order Priority": "L", "Order Date": "2017-06-11", "Order ID": "404232798", "Ship Date": "2022-12-01", "Units Sold": 1837.0, "Unit Price": 229.59, "Unit Cost": 187.71, "Total Revenue": 421756.83, "Total Cost": 344823.27, "Total Profit": 76933.56, "ItemID": "EBOSNCLO0057EN", "Supplier": "H&M-NL", "SuplierRegion": "Europe", "SuplierCountry": "Netherlands"}, {"Region": "Middle East and North Africa", "Country": "Iraq", "Item Type": "Fruits", "Sales Channel": "Online", "Order Priority": "H", "Order Date": "2017-05-02", "Order ID": "520271505", "Ship Date": "2017-07-15", "Units Sold": 3049.0, "Unit Price": 7.65, "Unit Cost": 6.37, "Total Revenue": 23324.85, "Total Cost": 19422.13, "Total Profit": 3902.72, "ItemID": "AMALDFRU0015UE", "Supplier": "Penny-UK", "SuplierRegion": "United Kingdom", "SuplierCountry": "Europe"}, {"Region": "Sub-Saharan Africa", "Country": "Eritrea", "Item Type": "Baby Food", "Sales Channel": "Offline", "Order Priority": "L", "Order Date": "2015-08-13", "Order ID": "835144579", "Ship Date": "2019-11-30", "Units Sold": 2679.0, "Unit Price": 201.67, "Unit Cost": 140.29, "Total Revenue": 540273.93, "Total Cost": 375836.91, "Total Profit": 164437.02, "ItemID": "ANEPABAB0018UE", "Supplier": "Hipp-UK", "SuplierRegion": "United Kingdom", "SuplierCountry": "Europe"}, {"Region": "Asia", "Country": "Sri Lanka", "Item Type": "Cosmetics", "Sales Channel": "Online", "Order Priority": "C", "Order Date": "2014-07-27", "Order ID": "738833628", "Ship Date": "2017-11-22", "Units Sold": 8858.0, "Unit Price": 154.75, "Unit Cost": 161.51, "Total Revenue": 1370775.5, "Total Cost": 1430655.58, "Total Profit": "-59880,08", "ItemID": "EFINLCOS0064ES", "Supplier": "Beauty-ESP", "SuplierRegion": "Europe", "SuplierCountry": "Spain"}, {"Region": "Europe", "Country": "Estonia", "Item Type": "Snacks", "Sales Channel": "Offline", "Order Priority": "M", "Order Date": "2015-06-11", "Order ID": "860155847", "Ship Date": "2023-01-15", "Units Sold": 1747.0, "Unit Price": 251.34, "Unit Cost": 173.93, "Total Revenue": 439090.98, "Total Cost": 303855.71, "Total Profit": 135235.27, "ItemID": "MEGYPSNA0032MT", "Supplier": "Edeka-TUR", "SuplierRegion": "Middle East and North Africa", "SuplierCountry": "Turkey"}, {"Region": "Sub-Saharan Africa", "Country": "Sudan", "Item Type": "Baby Food", "Sales Channel": "Offline", "Order Priority": "C", "Order Date": "2011-03-05", "Order ID": "899439807", "Ship Date": "2011-08-15", "Units Sold": 8538.0, "Unit Price": 288.47, "Unit Cost": 119.57, "Total Revenue": 2462956.86, "Total Cost": 1020888.66, "Total Profit": 1442068.2, "ItemID": "AINDIBAB0006GE", "Supplier": "Hipp-DE", "SuplierRegion": "Germany", "SuplierCountry": "Europe"}, {"Region": "Asia", "Country": "Mongolia", "Item Type": "Beverages", "Sales Channel": "Offline", "Order Priority": "M", "Order Date": "2023-03-30", "Order ID": "670721757", "Ship Date": "2023-05-30", "Units Sold": 8454.0, "Unit Price": 51.25, "Unit Cost": 25.75, "Total Revenue": 433267.5, "Total Cost": 217690.5, "Total Profit": 215577.0, "ItemID": "APHILBEV0019UE", "Supplier": "WIFA-UK", "SuplierRegion": "United Kingdom", "SuplierCountry": "Europe"}, {"Region": "Sub-Saharan Africa", "Country": "Botswana", "Item Type": "Clothes", "Sales Channel": "Offline", "Order Priority": "H", "Order Date": "2011-11-11", "Order ID": "308265002", "Ship Date": "2013-06-22", "Units Sold": 7752.0, "Unit Price": 128.95, "Unit Cost": 27.24, "Total Revenue": 999620.4, "Total Cost": 211164.48, "Total Profit": 788455.92, "ItemID": "ASRI CLO0021UE", "Supplier": "H&M-UK", "SuplierRegion": "United Kingdom", "SuplierCountry": "Europe"}, {"Region": "Europe", "Country": "Armenia", "Item Type": "Clothes", "Sales Channel": "Offline", "Order Priority": "H", "Order Date": "2015-11-05", "Order ID": "810530582", "Ship Date": "2022-01-07", "Units Sold": 4716.0, "Unit Price": 229.59, "Unit Cost": 187.71, "Total Revenue": 1082746.44, "Total Cost": 885240.36, "Total Profit": 197506.08, "ItemID": "EBOSNCLO0057EN", "Supplier": "H&M-NL", "SuplierRegion": "Europe", "SuplierCountry": "Netherlands"}, {"Region": "Sub-Saharan Africa", "Country": "Zimbabwe", "Item Type": "Cosmetics", "Sales Channel": "Offline", "Order Priority": "L", "Order Date": "2013-10-26", "Order ID": "793162148", "Ship Date": "2019-02-12", "Units Sold": 4664.0, "Unit Price": 419.71, "Unit Cost": 229.1, "Total Revenue": 1957527.44, "Total Cost": 1068522.4, "Total Profit": 889005.04, "ItemID": "AMONGCOS0016UE", "Supplier": "Beauty-UK", "SuplierRegion": "United Kingdom", "SuplierCountry": "Europe"}, {"Region": "Europe", "Country": "Serbia", "Item Type": "Vegetables", "Sales Channel": "Offline", "Order Priority": "L", "Order Date": "2017-02-15", "Order ID": "810207016", "Ship Date": "2021-05-13", "Units Sold": 4945.0, "Unit Price": 291.48, "Unit Cost": 153.56, "Total Revenue": 1441368.6, "Total Cost": 759354.2, "Total Profit": 682014.4, "ItemID": "AUZBEVEG0026MT", "Supplier": "Edeka-TUR", "SuplierRegion": "Middle East and North Africa", "SuplierCountry": "Turkey"}, {"Region": "Europe", "Country": "Andorra", "Item Type": "Meat", "Sales Channel": "Online", "Order Priority": "L", "Order Date": "2023-09-20", "Order ID": "835248882", "Ship Date": "2024-01-05", "Units Sold": 9939.0, "Unit Price": 213.2, "Unit Cost": 158.69, "Total Revenue": 2118994.8, "Total Cost": 1577219.91, "Total Profit": 541774.89, "ItemID": "ECYPRMEA0060EN", "Supplier": "Fegro-NL", "SuplierRegion": "Europe", "SuplierCountry": "Netherlands"}, {"Region": "Europe", "Country": "Serbia", "Item Type": "Baby Food", "Sales Channel": "Online", "Order Priority": "M", "Order Date": "2011-08-20", "Order ID": "890625811", "Ship Date": "2014-05-03", "Units Sold": 6056.0, "Unit Price": 256.84, "Unit Cost": 154.97, "Total Revenue": 1555423.04, "Total Cost": 938498.32, "Total Profit": 616924.72, "ItemID": "MPAKIBAB0042UN", "Supplier": "Hipp-US", "SuplierRegion": "United States of America", "SuplierCountry": "North America"}, {"Region": "Sub-Saharan Africa", "Country": "Cameroon", "Item Type": "Fruits", "Sales Channel": "Offline", "Order Priority": "L", "Order Date": "2016-05-04", "Order ID": "206126557", "Ship Date": "2018-08-03", "Units Sold": 6740.0, "Unit Price": 284.19, "Unit Cost": 172.75, "Total Revenue": 1915440.6, "Total Cost": 1164335.0, "Total Profit": 751105.6, "ItemID": "AVIETFRU0027MT", "Supplier": "Penny-TUR", "SuplierRegion": "Middle East and North Africa", "SuplierCountry": "Turkey"}, {"Region": "Europe", "Country": "Finland", "Item Type": "Household", "Sales Channel": "Offline", "Order Priority": "H", "Order Date": "2011-03-11", "Order ID": "536836699", "Ship Date": "2017-10-09", "Units Sold": 7463.0, "Unit Price": 628.17, "Unit Cost": 452.29, "Total Revenue": 4688032.71, "Total Cost": 3375440.27, "Total Profit": 1312592.44, "ItemID": "ATAIWHOU0022UE", "Supplier": "Wholesale-UK", "SuplierRegion": "United Kingdom", "SuplierCountry": "Europe"}, {"Region": "Europe", "Country": "Cyprus", "Item Type": "Household", "Sales Channel": "Online", "Order Priority": "M", "Order Date": "2016-03-26", "Order ID": "792891357", "Ship Date": "2019-02-11", "Units Sold": 732.0, "Unit Price": 628.17, "Unit Cost": 452.29, "Total Revenue": 459820.44, "Total Cost": 331076.28, "Total Profit": 128744.16, "ItemID": "ATAIWHOU0022UE", "Supplier": "Wholesale-UK", "SuplierRegion": "United Kingdom", "SuplierCountry": "Europe"}, {"Region": "Europe", "Country": "Germany", "Item Type": "Household", "Sales Channel": "Online", "Order Priority": "H", "Order Date": "2018-07-11", "Order ID": "915224843", "Ship Date": "2023-02-28", "Units Sold": 1081.0, "Unit Price": 158.68, "Unit Cost": 163.59, "Total Revenue": 171533.08, "Total Cost": 176840.79, "Total Profit": "-5307,71", "ItemID": "MSYRIHOU0046UN", "Supplier": "Wholesale-US", "SuplierRegion": "United States of America", "SuplierCountry": "North America"}, {"Region": "Central America and the Caribbean", "Country": "Grenada", "Item Type": "Vegetables", "Sales Channel": "Online", "Order Priority": "L", "Order Date": "2013-10-27", "Order ID": "851950352", "Ship Date": "2020-08-05", "Units Sold": 78.0, "Unit Price": 291.48, "Unit Cost": 153.56, "Total Revenue": 22735.44, "Total Cost": 11977.68, "Total Profit": 10757.76, "ItemID": "AUZBEVEG0026MT", "Supplier": "Edeka-TUR", "SuplierRegion": "Middle East and North Africa", "SuplierCountry": "Turkey"}, {"Region": "Asia", "Country": "Maldives", "Item Type": "Cereal", "Sales Channel": "Online", "Order Priority": "L", "Order Date": "2022-10-15", "Order ID": "758284871", "Ship Date": "2022-10-27", "Units Sold": 1322.0, "Unit Price": 130.4, "Unit Cost": 183.69, "Total Revenue": 172388.8, "Total Cost": 242838.18, "Total Profit": "-70449,38", "ItemID": "EFRANCER0065ES", "Supplier": "Rewe-ESP", "SuplierRegion": "Europe", "SuplierCountry": "Spain"}, {"Region": "Middle East and North Africa", "Country": "Morocco", "Item Type": "Personal Care", "Sales Channel": "Offline", "Order Priority": "C", "Order Date": "2012-07-24", "Order ID": "597947513", "Ship Date": "2013-09-28", "Units Sold": 5443.0, "Unit Price": 242.75, "Unit Cost": 151.6, "Total Revenue": 1321288.25, "Total Cost": 825158.8, "Total Profit": 496129.45, "ItemID": "MISRAPER0035MT", "Supplier": "Health-TUR", "SuplierRegion": "Middle East and North Africa", "SuplierCountry": "Turkey"}, {"Region": "Europe", "Country": "Bosnia and Herzegovina", "Item Type": "Fruits", "Sales Channel": "Offline", "Order Priority": "H", "Order Date": "2014-12-30", "Order ID": "856788696", "Ship Date": "2017-06-16", "Units Sold": 5102.0, "Unit Price": 183.5, "Unit Cost": 160.75, "Total Revenue": 936217.0, "Total Cost": 820146.5, "Total Profit": 116070.5, "ItemID": "EALBAFRU0051EN", "Supplier": "Penny-NL", "SuplierRegion": "Europe", "SuplierCountry": "Netherlands"}, {"Region": "Asia", "Country": "Malaysia", "Item Type": "Beverages", "Sales Channel": "Offline", "Order Priority": "M", "Order Date": "2014-11-16", "Order ID": "582321501", "Ship Date": "2017-11-30", "Units Sold": 9991.0, "Unit Price": 152.9, "Unit Cost": 168.15, "Total Revenue": 1527623.9, "Total Cost": 1679986.65, "Total Profit": "-152362,75", "ItemID": "EGERMBEV0067ES", "Supplier": "WIFA-ESP", "SuplierRegion": "Europe", "SuplierCountry": "Spain"}, {"Region": "Asia", "Country": "Nepal", "Item Type": "Cereal", "Sales Channel": "Online", "Order Priority": "H", "Order Date": "2013-09-23", "Order ID": "281454039", "Ship Date": "2023-12-12", "Units Sold": 1834.0, "Unit Price": 130.4, "Unit Cost": 183.69, "Total Revenue": 239153.6, "Total Cost": 336887.46, "Total Profit": "-97733,86", "ItemID": "EFRANCER0065ES", "Supplier": "Rewe-ESP", "SuplierRegion": "Europe", "SuplierCountry": "Spain"}, {"Region": "Europe", "Country": "Georgia", "Item Type": "Personal Care", "Sales Channel": "Offline", "Order Priority": "L", "Order Date": "2013-02-20", "Order ID": "422349155", "Ship Date": "2022-06-16", "Units Sold": 9386.0, "Unit Price": 96.44, "Unit Cost": 43.07, "Total Revenue": 905185.84, "Total Cost": 404255.02, "Total Profit": 500930.82, "ItemID": "ASOUTPER0011GE", "Supplier": "Health-DE", "SuplierRegion": "Germany", "SuplierCountry": "Europe"}, {"Region": "Sub-Saharan Africa", "Country": "Equatorial Guinea", "Item Type": "Baby Food", "Sales Channel": "Online", "Order Priority": "C", "Order Date": "2016-10-20", "Order ID": "745958369", "Ship Date": "2021-05-02", "Units Sold": 3432.0, "Unit Price": 256.84, "Unit Cost": 154.97, "Total Revenue": 881474.88, "Total Cost": 531857.04, "Total Profit": 349617.84, "ItemID": "MPAKIBAB0042UN", "Supplier": "Hipp-US", "SuplierRegion": "United States of America", "SuplierCountry": "North America"}, {"Region": "Europe", "Country": "Slovenia", "Item Type": "Cosmetics", "Sales Channel": "Offline", "Order Priority": "H", "Order Date": "2018-04-09", "Order ID": "812495743", "Ship Date": "2023-11-17", "Units Sold": 1791.0, "Unit Price": 154.75, "Unit Cost": 161.51, "Total Revenue": 277157.25, "Total Cost": 289264.41, "Total Profit": "-12107,16", "ItemID": "EFINLCOS0064ES", "Supplier": "Beauty-ESP", "SuplierRegion": "Europe", "SuplierCountry": "Spain"}, {"Region": "Sub-Saharan Africa", "Country": "Lesotho", "Item Type": "Beverages", "Sales Channel": "Online", "Order Priority": "H", "Order Date": "2017-10-28", "Order ID": "819787034", "Ship Date": "2018-11-28", "Units Sold": 4311.0, "Unit Price": 49.82, "Unit Cost": 24.16, "Total Revenue": 214774.02, "Total Cost": 104153.76, "Total Profit": 110620.26, "ItemID": "AINDOBEV0007GE", "Supplier": "WIFA-DE", "SuplierRegion": "Germany", "SuplierCountry": "Europe"}, {"Region": "Middle East and North Africa", "Country": "Bahrain", "Item Type": "Beverages", "Sales Channel": "Online", "Order Priority": "L", "Order Date": "2013-05-10", "Order ID": "118368658", "Ship Date": "2020-02-19", "Units Sold": 7871.0, "Unit Price": 49.82, "Unit Cost": 24.16, "Total Revenue": 392133.22, "Total Cost": 190163.36, "Total Profit": 201969.86, "ItemID": "AINDOBEV0007GE", "Supplier": "WIFA-DE", "SuplierRegion": "Germany", "SuplierCountry": "Europe"}, {"Region": "Asia", "Country": "North Korea", "Item Type": "Cosmetics", "Sales Channel": "Online", "Order Priority": "M", "Order Date": "2021-05-07", "Order ID": "714330926", "Ship Date": "2022-01-18", "Units Sold": 1384.0, "Unit Price": 341.02, "Unit Cost": 229.1, "Total Revenue": 471971.68, "Total Cost": 317074.4, "Total Profit": 154897.28, "ItemID": "ACAMBCOS0004GE", "Supplier": "Beauty-DE", "SuplierRegion": "Germany", "SuplierCountry": "Europe"}, {"Region": "Europe", "Country": "Armenia", "Item Type": "Meat", "Sales Channel": "Offline", "Order Priority": "C", "Order Date": "2020-01-25", "Order ID": "217615224", "Ship Date": "2023-07-08", "Units Sold": 791.0, "Unit Price": 220.55, "Unit Cost": 176.55, "Total Revenue": 174455.05, "Total Cost": 139651.05, "Total Profit": 34804.0, "ItemID": "EITALMEA0072ES", "Supplier": "Fegro-ESP", "SuplierRegion": "Europe", "SuplierCountry": "Spain"}, {"Region": "Central America and the Caribbean", "Country": "Costa Rica", "Item Type": "Clothes", "Sales Channel": "Online", "Order Priority": "L", "Order Date": "2022-11-19", "Order ID": "643276258", "Ship Date": "2023-07-30", "Units Sold": 4066.0, "Unit Price": 128.95, "Unit Cost": 27.24, "Total Revenue": 524310.7, "Total Cost": 110757.84, "Total Profit": 413552.86, "ItemID": "ASRI CLO0021UE", "Supplier": "H&M-UK", "SuplierRegion": "United Kingdom", "SuplierCountry": "Europe"}, {"Region": "Asia", "Country": "Indonesia", "Item Type": "Baby Food", "Sales Channel": "Offline", "Order Priority": "H", "Order Date": "2019-02-15", "Order ID": "733938813", "Ship Date": "2020-11-01", "Units Sold": 6213.0, "Unit Price": 288.47, "Unit Cost": 119.57, "Total Revenue": 1792264.11, "Total Cost": 742888.41, "Total Profit": 1049375.7, "ItemID": "AINDIBAB0006GE", "Supplier": "Hipp-DE", "SuplierRegion": "Germany", "SuplierCountry": "Europe"}, {"Region": "Sub-Saharan Africa", "Country": "Angola", "Item Type": "Cosmetics", "Sales Channel": "Online", "Order Priority": "M", "Order Date": "2011-07-31", "Order ID": "871110759", "Ship Date": "2021-09-11", "Units Sold": 4270.0, "Unit Price": 154.75, "Unit Cost": 161.51, "Total Revenue": 660782.5, "Total Cost": 689647.7, "Total Profit": "-28865,20", "ItemID": "EFINLCOS0064ES", "Supplier": "Beauty-ESP", "SuplierRegion": "Europe", "SuplierCountry": "Spain"}, {"Region": "Sub-Saharan Africa", "Country": "Nigeria", "Item Type": "Cosmetics", "Sales Channel": "Offline", "Order Priority": "C", "Order Date": "2017-02-13", "Order ID": "186698580", "Ship Date": "2020-12-25", "Units Sold": 2303.0, "Unit Price": 341.02, "Unit Cost": 229.1, "Total Revenue": 785369.06, "Total Cost": 527617.3, "Total Profit": 257751.76, "ItemID": "ACAMBCOS0004GE", "Supplier": "Beauty-DE", "SuplierRegion": "Germany", "SuplierCountry": "Europe"}, {"Region": "Sub-Saharan Africa", "Country": "Senegal", "Item Type": "Cosmetics", "Sales Channel": "Online", "Order Priority": "L", "Order Date": "2011-09-19", "Order ID": "407800065", "Ship Date": "2022-10-15", "Units Sold": 6411.0, "Unit Price": 419.71, "Unit Cost": 229.1, "Total Revenue": 2690760.81, "Total Cost": 1468760.1, "Total Profit": 1222000.71, "ItemID": "AMONGCOS0016UE", "Supplier": "Beauty-UK", "SuplierRegion": "United Kingdom", "SuplierCountry": "Europe"}, {"Region": "Europe", "Country": "Ireland", "Item Type": "Cereal", "Sales Channel": "Offline", "Order Priority": "L", "Order Date": "2013-11-21", "Order ID": "388046633", "Ship Date": "2022-04-01", "Units Sold": 9724.0, "Unit Price": 130.4, "Unit Cost": 183.69, "Total Revenue": 1268009.6, "Total Cost": 1786201.56, "Total Profit": "-518191,96", "ItemID": "EFRANCER0065ES", "Supplier": "Rewe-ESP", "SuplierRegion": "Europe", "SuplierCountry": "Spain"}, {"Region": "Australia and Oceania", "Country": "Papua New Guinea", "Item Type": "Cosmetics", "Sales Channel": "Online", "Order Priority": "M", "Order Date": "2016-05-26", "Order ID": "375622807", "Ship Date": "2019-09-14", "Units Sold": 7402.0, "Unit Price": 154.75, "Unit Cost": 161.51, "Total Revenue": 1145459.5, "Total Cost": 1195497.02, "Total Profit": "-50037,52", "ItemID": "EFINLCOS0064ES", "Supplier": "Beauty-ESP", "SuplierRegion": "Europe", "SuplierCountry": "Spain"}, {"Region": "Central America and the Caribbean", "Country": "Costa Rica", "Item Type": "Meat", "Sales Channel": "Online", "Order Priority": "L", "Order Date": "2011-11-05", "Order ID": "788406095", "Ship Date": "2021-02-10", "Units Sold": 1640.0, "Unit Price": 213.2, "Unit Cost": 158.69, "Total Revenue": 349648.0, "Total Cost": 260251.6, "Total Profit": 89396.4, "ItemID": "ECYPRMEA0060EN", "Supplier": "Fegro-NL", "SuplierRegion": "Europe", "SuplierCountry": "Netherlands"}, {"Region": "Asia", "Country": "Kazakhstan", "Item Type": "Fruits", "Sales Channel": "Online", "Order Priority": "H", "Order Date": "2019-08-01", "Order ID": "336668891", "Ship Date": "2023-06-28", "Units Sold": 6659.0, "Unit Price": 183.5, "Unit Cost": 160.75, "Total Revenue": 1221926.5, "Total Cost": 1070434.25, "Total Profit": 151492.25, "ItemID": "EALBAFRU0051EN", "Supplier": "Penny-NL", "SuplierRegion": "Europe", "SuplierCountry": "Netherlands"}, {"Region": "Central America and the Caribbean", "Country": "Grenada", "Item Type": "Meat", "Sales Channel": "Offline", "Order Priority": "M", "Order Date": "2018-09-02", "Order ID": "898063952", "Ship Date": "2018-09-23", "Units Sold": 3715.0, "Unit Price": 345.95, "Unit Cost": 309.99, "Total Revenue": 1285204.25, "Total Cost": 1151612.85, "Total Profit": 133591.4, "ItemID": "ATHAIMEA0024UE", "Supplier": "Fegro-UK", "SuplierRegion": "United Kingdom", "SuplierCountry": "Europe"}, {"Region": "Europe", "Country": "Ireland", "Item Type": "Household", "Sales Channel": "Offline", "Order Priority": "C", "Order Date": "2019-06-24", "Order ID": "853406516", "Ship Date": "2022-03-31", "Units Sold": 6094.0, "Unit Price": 170.86, "Unit Cost": 172.13, "Total Revenue": 1041220.84, "Total Cost": 1048960.22, "Total Profit": "-7739,38", "ItemID": "EBULGHOU0058EN", "Supplier": "Wholesale-NL", "SuplierRegion": "Europe", "SuplierCountry": "Netherlands"}, {"Region": "Sub-Saharan Africa", "Country": "Tanzania", "Item Type": "Snacks", "Sales Channel": "Online", "Order Priority": "M", "Order Date": "2021-07-02", "Order ID": "796467181", "Ship Date": "2022-01-12", "Units Sold": 4114.0, "Unit Price": 169.36, "Unit Cost": 87.7, "Total Revenue": 696747.04, "Total Cost": 360797.8, "Total Profit": 335949.24, "ItemID": "AJAPASNA0008GE", "Supplier": "Edeka-DE", "SuplierRegion": "Germany", "SuplierCountry": "Europe"}, {"Region": "North America", "Country": "Greenland", "Item Type": "Vegetables", "Sales Channel": "Online", "Order Priority": "H", "Order Date": "2017-11-03", "Order ID": "547743390", "Ship Date": "2019-03-21", "Units Sold": 122.0, "Unit Price": 216.09, "Unit Cost": 179.19, "Total Revenue": 26362.98, "Total Cost": 21861.18, "Total Profit": 4501.8, "ItemID": "MLEBAVEG0038UN", "Supplier": "Edeka-US", "SuplierRegion": "United States of America", "SuplierCountry": "North America"}, {"Region": "Asia", "Country": "Taiwan", "Item Type": "Personal Care", "Sales Channel": "Online", "Order Priority": "L", "Order Date": "2015-02-17", "Order ID": "175881458", "Ship Date": "2017-02-06", "Units Sold": 3500.0, "Unit Price": 96.44, "Unit Cost": 43.07, "Total Revenue": 337540.0, "Total Cost": 150745.0, "Total Profit": 186795.0, "ItemID": "ASOUTPER0011GE", "Supplier": "Health-DE", "SuplierRegion": "Germany", "SuplierCountry": "Europe"}, {"Region": "Europe", "Country": "Bulgaria", "Item Type": "Snacks", "Sales Channel": "Offline", "Order Priority": "H", "Order Date": "2010-01-16", "Order ID": "485672173", "Ship Date": "2019-05-05", "Units Sold": 5657.0, "Unit Price": 251.34, "Unit Cost": 173.93, "Total Revenue": 1421830.38, "Total Cost": 983922.01, "Total Profit": 437908.37, "ItemID": "MEGYPSNA0032MT", "Supplier": "Edeka-TUR", "SuplierRegion": "Middle East and North Africa", "SuplierCountry": "Turkey"}, {"Region": "Middle East and North Africa", "Country": "Kuwait", "Item Type": "Office Supplies", "Sales Channel": "Offline", "Order Priority": "H", "Order Date": "2022-11-18", "Order ID": "128993169", "Ship Date": "2023-09-26", "Units Sold": 5037.0, "Unit Price": 213.85, "Unit Cost": 156.42, "Total Revenue": 1077162.45, "Total Cost": 787887.54, "Total Profit": 289274.91, "ItemID": "MUNITOFF0049EN", "Supplier": "Staples-NL", "SuplierRegion": "Europe", "SuplierCountry": "Netherlands"}, {"Region": "Sub-Saharan Africa", "Country": "Ethiopia", "Item Type": "Beverages", "Sales Channel": "Online", "Order Priority": "H", "Order Date": "2015-09-08", "Order ID": "452735722", "Ship Date": "2023-09-08", "Units Sold": 2113.0, "Unit Price": 183.43, "Unit Cost": 154.6, "Total Revenue": 387587.59, "Total Cost": 326669.8, "Total Profit": 60917.79, "ItemID": "MBAHRBEV0031MT", "Supplier": "WIFA-TUR", "SuplierRegion": "Middle East and North Africa", "SuplierCountry": "Turkey"}, {"Region": "Europe", "Country": "Croatia", "Item Type": "Personal Care", "Sales Channel": "Offline", "Order Priority": "H", "Order Date": "2020-02-03", "Order ID": "204051577", "Ship Date": "2023-01-07", "Units Sold": 4390.0, "Unit Price": 96.44, "Unit Cost": 43.07, "Total Revenue": 423371.6, "Total Cost": 189077.3, "Total Profit": 234294.3, "ItemID": "ASOUTPER0011GE", "Supplier": "Health-DE", "SuplierRegion": "Germany", "SuplierCountry": "Europe"}, {"Region": "Middle East and North Africa", "Country": "Algeria", "Item Type": "Baby Food", "Sales Channel": "Offline", "Order Priority": "M", "Order Date": "2019-02-24", "Order ID": "860677839", "Ship Date": "2019-07-02", "Units Sold": 1404.0, "Unit Price": 256.84, "Unit Cost": 154.97, "Total Revenue": 360603.36, "Total Cost": 217577.88, "Total Profit": 143025.48, "ItemID": "MPAKIBAB0042UN", "Supplier": "Hipp-US", "SuplierRegion": "United States of America", "SuplierCountry": "North America"}, {"Region": "Sub-Saharan Africa", "Country": "Tanzania", "Item Type": "Household", "Sales Channel": "Offline", "Order Priority": "M", "Order Date": "2019-09-16", "Order ID": "859809234", "Ship Date": "2020-03-25", "Units Sold": 9723.0, "Unit Price": 628.17, "Unit Cost": 452.29, "Total Revenue": 6107696.91, "Total Cost": 4397615.67, "Total Profit": 1710081.24, "ItemID": "ATAIWHOU0022UE", "Supplier": "Wholesale-UK", "SuplierRegion": "United Kingdom", "SuplierCountry": "Europe"}, {"Region": "Asia", "Country": "Maldives", "Item Type": "Cereal", "Sales Channel": "Offline", "Order Priority": "H", "Order Date": "2012-03-11", "Order ID": "114150908", "Ship Date": "2023-02-21", "Units Sold": 7945.0, "Unit Price": 158.39, "Unit Cost": 106.57, "Total Revenue": 1258408.55, "Total Cost": 846698.65, "Total Profit": 411709.9, "ItemID": "AMYANCER0017UE", "Supplier": "Rewe-UK", "SuplierRegion": "United Kingdom", "SuplierCountry": "Europe"}, {"Region": "Central America and the Caribbean", "Country": "Haiti", "Item Type": "Snacks", "Sales Channel": "Offline", "Order Priority": "M", "Order Date": "2016-07-11", "Order ID": "867364355", "Ship Date": "2017-02-12", "Units Sold": 1699.0, "Unit Price": 169.36, "Unit Cost": 87.7, "Total Revenue": 287742.64, "Total Cost": 149002.3, "Total Profit": 138740.34, "ItemID": "AJAPASNA0008GE", "Supplier": "Edeka-DE", "SuplierRegion": "Germany", "SuplierCountry": "Europe"}, {"Region": "Europe", "Country": "Cyprus", "Item Type": "Personal Care", "Sales Channel": "Online", "Order Priority": "C", "Order Date": "2012-07-30", "Order ID": "949493946", "Ship Date": "2016-07-23", "Units Sold": 8648.0, "Unit Price": 197.58, "Unit Cost": 189.14, "Total Revenue": 1708671.84, "Total Cost": 1635682.72, "Total Profit": 72989.12, "ItemID": "EIRELPER0071ES", "Supplier": "Health-ESP", "SuplierRegion": "Europe", "SuplierCountry": "Spain"}, {"Region": "Europe", "Country": "Latvia", "Item Type": "Snacks", "Sales Channel": "Online", "Order Priority": "H", "Order Date": "2010-10-24", "Order ID": "276571789", "Ship Date": "2018-03-09", "Units Sold": 3484.0, "Unit Price": 143.8, "Unit Cost": 169.71, "Total Revenue": 500999.2, "Total Cost": 591269.64, "Total Profit": "-90270,44", "ItemID": "EBELGSNA0056EN", "Supplier": "Edeka-NL", "SuplierRegion": "Europe", "SuplierCountry": "Netherlands"}, {"Region": "Australia and Oceania", "Country": "Kiribati", "Item Type": "Fruits", "Sales Channel": "Offline", "Order Priority": "M", "Order Date": "2020-02-12", "Order ID": "910154323", "Ship Date": "2023-08-09", "Units Sold": 2929.0, "Unit Price": 183.5, "Unit Cost": 160.75, "Total Revenue": 537471.5, "Total Cost": 470836.75, "Total Profit": 66634.75, "ItemID": "EALBAFRU0051EN", "Supplier": "Penny-NL", "SuplierRegion": "Europe", "SuplierCountry": "Netherlands"}, {"Region": "Europe", "Country": "Macedonia", "Item Type": "Household", "Sales Channel": "Offline", "Order Priority": "C", "Order Date": "2016-07-24", "Order ID": "454322637", "Ship Date": "2019-10-21", "Units Sold": 739.0, "Unit Price": 170.86, "Unit Cost": 172.13, "Total Revenue": 126265.54, "Total Cost": 127204.07, "Total Profit": "-938,53", "ItemID": "EBULGHOU0058EN", "Supplier": "Wholesale-NL", "SuplierRegion": "Europe", "SuplierCountry": "Netherlands"}, {"Region": "Middle East and North Africa", "Country": "Oman", "Item Type": "Clothes", "Sales Channel": "Online", "Order Priority": "M", "Order Date": "2012-01-19", "Order ID": "211527287", "Ship Date": "2019-08-21", "Units Sold": 2701.0, "Unit Price": 244.5, "Unit Cost": 179.9, "Total Revenue": 660394.5, "Total Cost": 485909.9, "Total Profit": 174484.6, "ItemID": "MIRANCLO0033MT", "Supplier": "H&M-TUR", "SuplierRegion": "Middle East and North Africa", "SuplierCountry": "Turkey"}, {"Region": "Asia", "Country": "Singapore", "Item Type": "Cosmetics", "Sales Channel": "Online", "Order Priority": "C", "Order Date": "2013-02-04", "Order ID": "128581121", "Ship Date": "2022-05-05", "Units Sold": 1631.0, "Unit Price": 154.75, "Unit Cost": 161.51, "Total Revenue": 252397.25, "Total Cost": 263422.81, "Total Profit": "-11025,56", "ItemID": "EFINLCOS0064ES", "Supplier": "Beauty-ESP", "SuplierRegion": "Europe", "SuplierCountry": "Spain"}, {"Region": "Sub-Saharan Africa", "Country": "Cote d'Ivoire", "Item Type": "Snacks", "Sales Channel": "Online", "Order Priority": "H", "Order Date": "2014-01-08", "Order ID": "775198717", "Ship Date": "2023-03-03", "Units Sold": 2379.0, "Unit Price": 256.5, "Unit Cost": 145.67, "Total Revenue": 610213.5, "Total Cost": 346548.93, "Total Profit": 263664.57, "ItemID": "MSAUDSNA0044UN", "Supplier": "Edeka-US", "SuplierRegion": "United States of America", "SuplierCountry": "North America"}, {"Region": "Asia", "Country": "Turkmenistan", "Item Type": "Office Supplies", "Sales Channel": "Online", "Order Priority": "C", "Order Date": "2020-02-05", "Order ID": "843590535", "Ship Date": "2022-08-06", "Units Sold": 6823.0, "Unit Price": 664.23, "Unit Cost": 585.79, "Total Revenue": 4532041.29, "Total Cost": 3996845.17, "Total Profit": 535196.12, "ItemID": "ABANGOFF0001GE", "Supplier": "Staples-DE", "SuplierRegion": "Germany", "SuplierCountry": "Europe"}, {"Region": "Middle East and North Africa", "Country": "Turkey", "Item Type": "Beverages", "Sales Channel": "Online", "Order Priority": "M", "Order Date": "2014-03-09", "Order ID": "527828547", "Ship Date": "2016-04-14", "Units Sold": 8876.0, "Unit Price": 224.71, "Unit Cost": 165.54, "Total Revenue": 1994525.96, "Total Cost": 1469333.04, "Total Profit": 525192.92, "ItemID": "EBELABEV0055EN", "Supplier": "WIFA-NL", "SuplierRegion": "Europe", "SuplierCountry": "Netherlands"}, {"Region": "Europe", "Country": "Malta", "Item Type": "Cereal", "Sales Channel": "Offline", "Order Priority": "M", "Order Date": "2018-08-05", "Order ID": "487041114", "Ship Date": "2021-12-15", "Units Sold": 9479.0, "Unit Price": 274.76, "Unit Cost": 150.38, "Total Revenue": 2604450.04, "Total Cost": 1425452.02, "Total Profit": 1178998.02, "ItemID": "MALGECER0029MT", "Supplier": "Rewe-TUR", "SuplierRegion": "Middle East and North Africa", "SuplierCountry": "Turkey"}, {"Region": "Sub-Saharan Africa", "Country": "Seychelles ", "Item Type": "Beverages", "Sales Channel": "Online", "Order Priority": "M", "Order Date": "2014-09-24", "Order ID": "892398833", "Ship Date": "2020-03-21", "Units Sold": 1606.0, "Unit Price": 224.71, "Unit Cost": 165.54, "Total Revenue": 360884.26, "Total Cost": 265857.24, "Total Profit": 95027.02, "ItemID": "EBELABEV0055EN", "Supplier": "WIFA-NL", "SuplierRegion": "Europe", "SuplierCountry": "Netherlands"}, {"Region": "Middle East and North Africa", "Country": "Bahrain", "Item Type": "Vegetables", "Sales Channel": "Offline", "Order Priority": "C", "Order Date": "2018-04-13", "Order ID": "281189332", "Ship Date": "2022-01-19", "Units Sold": 5263.0, "Unit Price": 216.09, "Unit Cost": 179.19, "Total Revenue": 1137281.67, "Total Cost": 943076.97, "Total Profit": 194204.7, "ItemID": "MLEBAVEG0038UN", "Supplier": "Edeka-US", "SuplierRegion": "United States of America", "SuplierCountry": "North America"}, {"Region": "Sub-Saharan Africa", "Country": "Niger", "Item Type": "Vegetables", "Sales Channel": "Offline", "Order Priority": "M", "Order Date": "2019-11-18", "Order ID": "565600108", "Ship Date": "2021-04-16", "Units Sold": 2484.0, "Unit Price": 250.48, "Unit Cost": 182.08, "Total Revenue": 622192.32, "Total Cost": 452286.72, "Total Profit": 169905.6, "ItemID": "MYEMEVEG0050EN", "Supplier": "Edeka-NL", "SuplierRegion": "Europe", "SuplierCountry": "Netherlands"}, {"Region": "Sub-Saharan Africa", "Country": "Guinea", "Item Type": "Snacks", "Sales Channel": "Online", "Order Priority": "L", "Order Date": "2023-12-02", "Order ID": "375292916", "Ship Date": "2023-12-06", "Units Sold": 2338.0, "Unit Price": 169.36, "Unit Cost": 87.7, "Total Revenue": 395963.68, "Total Cost": 205042.6, "Total Profit": 190921.08, "ItemID": "AJAPASNA0008GE", "Supplier": "Edeka-DE", "SuplierRegion": "Germany", "SuplierCountry": "Europe"}, {"Region": "Sub-Saharan Africa", "Country": "Equatorial Guinea", "Item Type": "Baby Food", "Sales Channel": "Offline", "Order Priority": "L", "Order Date": "2013-12-05", "Order ID": "560822752", "Ship Date": "2020-04-18", "Units Sold": 5924.0, "Unit Price": 192.5, "Unit Cost": 171.93, "Total Revenue": 1140370.0, "Total Cost": 1018513.32, "Total Profit": 121856.68, "ItemID": "EGEORBAB0066ES", "Supplier": "Hipp-ESP", "SuplierRegion": "Europe", "SuplierCountry": "Spain"}, {"Region": "Sub-Saharan Africa", "Country": "Zimbabwe", "Item Type": "Snacks", "Sales Channel": "Offline", "Order Priority": "H", "Order Date": "2015-03-26", "Order ID": "761395200", "Ship Date": "2022-09-28", "Units Sold": 1370.0, "Unit Price": 169.36, "Unit Cost": 87.7, "Total Revenue": 232023.2, "Total Cost": 120149.0, "Total Profit": 111874.2, "ItemID": "AJAPASNA0008GE", "Supplier": "Edeka-DE", "SuplierRegion": "Germany", "SuplierCountry": "Europe"}, {"Region": "Europe", "Country": "Greece", "Item Type": "Vegetables", "Sales Channel": "Offline", "Order Priority": "C", "Order Date": "2017-03-16", "Order ID": "374166458", "Ship Date": "2022-07-13", "Units Sold": 8839.0, "Unit Price": 135.57, "Unit Cost": 85.47, "Total Revenue": 1198303.23, "Total Cost": 755469.33, "Total Profit": 442833.9, "ItemID": "ABHUTVEG0002GE", "Supplier": "Edeka-DE", "SuplierRegion": "Germany", "SuplierCountry": "Europe"}, {"Region": "North America", "Country": "Greenland", "Item Type": "Snacks", "Sales Channel": "Offline", "Order Priority": "C", "Order Date": "2023-05-07", "Order ID": "456935721", "Ship Date": "2023-07-26", "Units Sold": 5523.0, "Unit Price": 143.8, "Unit Cost": 169.71, "Total Revenue": 794207.4, "Total Cost": 937308.33, "Total Profit": "-143100,93", "ItemID": "EBELGSNA0056EN", "Supplier": "Edeka-NL", "SuplierRegion": "Europe", "SuplierCountry": "Netherlands"}, {"Region": "Sub-Saharan Africa", "Country": "Guinea", "Item Type": "Vegetables", "Sales Channel": "Online", "Order Priority": "M", "Order Date": "2011-06-26", "Order ID": "186405288", "Ship Date": "2014-05-19", "Units Sold": 645.0, "Unit Price": 212.19, "Unit Cost": 178.99, "Total Revenue": 136862.55, "Total Cost": 115448.55, "Total Profit": 21414.0, "ItemID": "EDENMVEG0062ES", "Supplier": "Edeka-ESP", "SuplierRegion": "Europe", "SuplierCountry": "Spain"}, {"Region": "Sub-Saharan Africa", "Country": "Madagascar", "Item Type": "Cereal", "Sales Channel": "Offline", "Order Priority": "H", "Order Date": "2010-12-22", "Order ID": "281545197", "Ship Date": "2019-02-20", "Units Sold": 459.0, "Unit Price": 201.57, "Unit Cost": 158.63, "Total Revenue": 92520.63, "Total Cost": 72811.17, "Total Profit": 19709.46, "ItemID": "MOMANCER0041UN", "Supplier": "Rewe-US", "SuplierRegion": "United States of America", "SuplierCountry": "North America"}, {"Region": "Middle East and North Africa", "Country": "Tunisia ", "Item Type": "Fruits", "Sales Channel": "Online", "Order Priority": "M", "Order Date": "2017-11-23", "Order ID": "106920892", "Ship Date": "2019-02-25", "Units Sold": 3254.0, "Unit Price": 257.04, "Unit Cost": 154.35, "Total Revenue": 836408.16, "Total Cost": 502254.9, "Total Profit": 334153.26, "ItemID": "MLIBYFRU0039UN", "Supplier": "Penny-US", "SuplierRegion": "United States of America", "SuplierCountry": "North America"}, {"Region": "Asia", "Country": "Turkmenistan", "Item Type": "Fruits", "Sales Channel": "Online", "Order Priority": "M", "Order Date": "2010-02-13", "Order ID": "748082975", "Ship Date": "2017-06-07", "Units Sold": 4344.0, "Unit Price": 7.65, "Unit Cost": 6.37, "Total Revenue": 33231.6, "Total Cost": 27671.28, "Total Profit": 5560.32, "ItemID": "AMALDFRU0015UE", "Supplier": "Penny-UK", "SuplierRegion": "United Kingdom", "SuplierCountry": "Europe"}, {"Region": "Europe", "Country": "Germany", "Item Type": "Cosmetics", "Sales Channel": "Offline", "Order Priority": "L", "Order Date": "2016-08-16", "Order ID": "997712607", "Ship Date": "2023-11-08", "Units Sold": 1080.0, "Unit Price": 242.36, "Unit Cost": 178.69, "Total Revenue": 261748.8, "Total Cost": 192985.2, "Total Profit": 68763.6, "ItemID": "MAFGHCOS0028MT", "Supplier": "Beauty-TUR", "SuplierRegion": "Middle East and North Africa", "SuplierCountry": "Turkey"}, {"Region": "Middle East and North Africa", "Country": "Oman", "Item Type": "Meat", "Sales Channel": "Offline", "Order Priority": "C", "Order Date": "2013-05-28", "Order ID": "109343151", "Ship Date": "2013-11-16", "Units Sold": 7842.0, "Unit Price": 232.52, "Unit Cost": 156.21, "Total Revenue": 1823421.84, "Total Cost": 1224998.82, "Total Profit": 598423.02, "ItemID": "MTURKMEA0048UN", "Supplier": "Fegro-US", "SuplierRegion": "United States of America", "SuplierCountry": "North America"}, {"Region": "Sub-Saharan Africa", "Country": "Tanzania", "Item Type": "Office Supplies", "Sales Channel": "Online", "Order Priority": "H", "Order Date": "2010-10-17", "Order ID": "355071611", "Ship Date": "2023-12-09", "Units Sold": 1039.0, "Unit Price": 664.23, "Unit Cost": 585.79, "Total Revenue": 690134.97, "Total Cost": 608635.81, "Total Profit": 81499.16, "ItemID": "ABANGOFF0001GE", "Supplier": "Staples-DE", "SuplierRegion": "Germany", "SuplierCountry": "Europe"}, {"Region": "Australia and Oceania", "Country": "Samoa ", "Item Type": "Office Supplies", "Sales Channel": "Offline", "Order Priority": "C", "Order Date": "2014-05-08", "Order ID": "257220278", "Ship Date": "2023-07-14", "Units Sold": 4116.0, "Unit Price": 696.79, "Unit Cost": 493.46, "Total Revenue": 2867987.64, "Total Cost": 2031081.36, "Total Profit": 836906.28, "ItemID": "ALAOSOFF0013UE", "Supplier": "Staples-UK", "SuplierRegion": "United Kingdom", "SuplierCountry": "Europe"}, {"Region": "Sub-Saharan Africa", "Country": "Zimbabwe", "Item Type": "Beverages", "Sales Channel": "Online", "Order Priority": "L", "Order Date": "2012-09-08", "Order ID": "258371589", "Ship Date": "2019-09-21", "Units Sold": 2544.0, "Unit Price": 51.25, "Unit Cost": 25.75, "Total Revenue": 130380.0, "Total Cost": 65508.0, "Total Profit": 64872.0, "ItemID": "APHILBEV0019UE", "Supplier": "WIFA-UK", "SuplierRegion": "United Kingdom", "SuplierCountry": "Europe"}, {"Region": "Central America and the Caribbean", "Country": "Costa Rica", "Item Type": "Vegetables", "Sales Channel": "Online", "Order Priority": "M", "Order Date": "2016-02-20", "Order ID": "333131411", "Ship Date": "2023-07-03", "Units Sold": 8830.0, "Unit Price": 146.36, "Unit Cost": 70.93, "Total Revenue": 1292358.8, "Total Cost": 626311.9, "Total Profit": 666046.9, "ItemID": "AMALAVEG0014UE", "Supplier": "Edeka-UK", "SuplierRegion": "United Kingdom", "SuplierCountry": "Europe"}, {"Region": "Sub-Saharan Africa", "Country": "Comoros", "Item Type": "Cereal", "Sales Channel": "Offline", "Order Priority": "C", "Order Date": "2021-06-02", "Order ID": "307976159", "Ship Date": "2023-03-09", "Units Sold": 7509.0, "Unit Price": 158.39, "Unit Cost": 106.57, "Total Revenue": 1189350.51, "Total Cost": 800234.13, "Total Profit": 389116.38, "ItemID": "AMYANCER0017UE", "Supplier": "Rewe-UK", "SuplierRegion": "United Kingdom", "SuplierCountry": "Europe"}, {"Region": "Europe", "Country": "Poland", "Item Type": "Clothes", "Sales Channel": "Offline", "Order Priority": "M", "Order Date": "2018-07-21", "Order ID": "681129444", "Ship Date": "2021-06-12", "Units Sold": 149.0, "Unit Price": 244.5, "Unit Cost": 179.9, "Total Revenue": 36430.5, "Total Cost": 26805.1, "Total Profit": 9625.4, "ItemID": "MIRANCLO0033MT", "Supplier": "H&M-TUR", "SuplierRegion": "Middle East and North Africa", "SuplierCountry": "Turkey"}, {"Region": "Sub-Saharan Africa", "Country": "Nigeria", "Item Type": "Snacks", "Sales Channel": "Offline", "Order Priority": "C", "Order Date": "2012-09-14", "Order ID": "956753980", "Ship Date": "2017-01-18", "Units Sold": 348.0, "Unit Price": 183.1, "Unit Cost": 91.59, "Total Revenue": 63718.8, "Total Cost": 31873.32, "Total Profit": 31845.48, "ItemID": "ASINGSNA0020UE", "Supplier": "Edeka-UK", "SuplierRegion": "United Kingdom", "SuplierCountry": "Europe"}, {"Region": "Europe", "Country": "Armenia", "Item Type": "Beverages", "Sales Channel": "Online", "Order Priority": "M", "Order Date": "2010-09-20", "Order ID": "270588388", "Ship Date": "2019-08-22", "Units Sold": 8737.0, "Unit Price": 152.9, "Unit Cost": 168.15, "Total Revenue": 1335887.3, "Total Cost": 1469126.55, "Total Profit": "-133239,25", "ItemID": "EGERMBEV0067ES", "Supplier": "WIFA-ESP", "SuplierRegion": "Europe", "SuplierCountry": "Spain"}, {"Region": "Asia", "Country": "Philippines", "Item Type": "Personal Care", "Sales Channel": "Offline", "Order Priority": "H", "Order Date": "2015-05-18", "Order ID": "109230502", "Ship Date": "2017-04-04", "Units Sold": 7976.0, "Unit Price": 197.58, "Unit Cost": 189.14, "Total Revenue": 1575898.08, "Total Cost": 1508580.64, "Total Profit": 67317.44, "ItemID": "EIRELPER0071ES", "Supplier": "Health-ESP", "SuplierRegion": "Europe", "SuplierCountry": "Spain"}, {"Region": "Australia and Oceania", "Country": "Tuvalu", "Item Type": "Meat", "Sales Channel": "Offline", "Order Priority": "M", "Order Date": "2011-08-23", "Order ID": "109597169", "Ship Date": "2022-04-01", "Units Sold": 7757.0, "Unit Price": 213.2, "Unit Cost": 158.69, "Total Revenue": 1653792.4, "Total Cost": 1230958.33, "Total Profit": 422834.07, "ItemID": "ECYPRMEA0060EN", "Supplier": "Fegro-NL", "SuplierRegion": "Europe", "SuplierCountry": "Netherlands"}, {"Region": "North America", "Country": "Mexico", "Item Type": "Fruits", "Sales Channel": "Offline", "Order Priority": "H", "Order Date": "2011-11-28", "Order ID": "781652670", "Ship Date": "2017-07-29", "Units Sold": 9805.0, "Unit Price": 7.65, "Unit Cost": 6.37, "Total Revenue": 75008.25, "Total Cost": 62457.85, "Total Profit": 12550.4, "ItemID": "AMALDFRU0015UE", "Supplier": "Penny-UK", "SuplierRegion": "United Kingdom", "SuplierCountry": "Europe"}, {"Region": "Sub-Saharan Africa", "Country": "Ethiopia", "Item Type": "Personal Care", "Sales Channel": "Offline", "Order Priority": "C", "Order Date": "2023-10-13", "Order ID": "604456431", "Ship Date": "2023-12-14", "Units Sold": 2875.0, "Unit Price": 171.87, "Unit Cost": 175.5, "Total Revenue": 494126.25, "Total Cost": 504562.5, "Total Profit": "-10436,25", "ItemID": "MTUNIPER0047UN", "Supplier": "Health-US", "SuplierRegion": "United States of America", "SuplierCountry": "North America"}, {"Region": "Europe", "Country": "Russia", "Item Type": "Fruits", "Sales Channel": "Offline", "Order Priority": "C", "Order Date": "2010-04-20", "Order ID": "284398763", "Ship Date": "2020-09-28", "Units Sold": 7751.0, "Unit Price": 8.77, "Unit Cost": 5.47, "Total Revenue": 67976.27, "Total Cost": 42397.97, "Total Profit": 25578.3, "ItemID": "ABRUNFRU0003GE", "Supplier": "Penny-DE", "SuplierRegion": "Germany", "SuplierCountry": "Europe"}, {"Region": "Australia and Oceania", "Country": "Solomon Islands", "Item Type": "Baby Food", "Sales Channel": "Online", "Order Priority": "H", "Order Date": "2015-06-22", "Order ID": "502317187", "Ship Date": "2023-04-24", "Units Sold": 2253.0, "Unit Price": 288.47, "Unit Cost": 119.57, "Total Revenue": 649922.91, "Total Cost": 269391.21, "Total Profit": 380531.7, "ItemID": "AINDIBAB0006GE", "Supplier": "Hipp-DE", "SuplierRegion": "Germany", "SuplierCountry": "Europe"}, {"Region": "Europe", "Country": "Moldova ", "Item Type": "Meat", "Sales Channel": "Offline", "Order Priority": "M", "Order Date": "2010-06-08", "Order ID": "393065396", "Ship Date": "2017-08-19", "Units Sold": 6228.0, "Unit Price": 213.2, "Unit Cost": 158.69, "Total Revenue": 1327809.6, "Total Cost": 988321.32, "Total Profit": 339488.28, "ItemID": "ECYPRMEA0060EN", "Supplier": "Fegro-NL", "SuplierRegion": "Europe", "SuplierCountry": "Netherlands"}, {"Region": "Europe", "Country": "Hungary", "Item Type": "Household", "Sales Channel": "Offline", "Order Priority": "L", "Order Date": "2019-01-08", "Order ID": "677744919", "Ship Date": "2019-10-11", "Units Sold": 6556.0, "Unit Price": 641.54, "Unit Cost": 472.39, "Total Revenue": 4205936.24, "Total Cost": 3096988.84, "Total Profit": 1108947.4, "ItemID": "ANORTHOU0010GE", "Supplier": "Wholesale-DE", "SuplierRegion": "Germany", "SuplierCountry": "Europe"}, {"Region": "Middle East and North Africa", "Country": "Qatar", "Item Type": "Office Supplies", "Sales Channel": "Online", "Order Priority": "L", "Order Date": "2020-06-17", "Order ID": "913576966", "Ship Date": "2021-04-13", "Units Sold": 2148.0, "Unit Price": 696.79, "Unit Cost": 493.46, "Total Revenue": 1496704.92, "Total Cost": 1059952.08, "Total Profit": 436752.84, "ItemID": "ALAOSOFF0013UE", "Supplier": "Staples-UK", "SuplierRegion": "United Kingdom", "SuplierCountry": "Europe"}, {"Region": "Sub-Saharan Africa", "Country": "Niger", "Item Type": "Meat", "Sales Channel": "Offline", "Order Priority": "C", "Order Date": "2011-03-19", "Order ID": "893924773", "Ship Date": "2019-09-10", "Units Sold": 8948.0, "Unit Price": 220.55, "Unit Cost": 176.55, "Total Revenue": 1973481.4, "Total Cost": 1579769.4, "Total Profit": 393712.0, "ItemID": "EITALMEA0072ES", "Supplier": "Fegro-ESP", "SuplierRegion": "Europe", "SuplierCountry": "Spain"}, {"Region": "Sub-Saharan Africa", "Country": "Zambia", "Item Type": "Snacks", "Sales Channel": "Offline", "Order Priority": "L", "Order Date": "2013-03-17", "Order ID": "667168175", "Ship Date": "2016-01-28", "Units Sold": 4928.0, "Unit Price": 169.59, "Unit Cost": 170.37, "Total Revenue": 835739.52, "Total Cost": 839583.36, "Total Profit": "-3843,84", "ItemID": "EGREESNA0068ES", "Supplier": "Edeka-ESP", "SuplierRegion": "Europe", "SuplierCountry": "Spain"}, {"Region": "Central America and the Caribbean", "Country": "The Bahamas", "Item Type": "Meat", "Sales Channel": "Offline", "Order Priority": "H", "Order Date": "2013-06-17", "Order ID": "230432850", "Ship Date": "2013-12-18", "Units Sold": 5093.0, "Unit Price": 493.61, "Unit Cost": 328.22, "Total Revenue": 2513955.73, "Total Cost": 1671624.46, "Total Profit": 842331.27, "ItemID": "AKYRGMEA0012GE", "Supplier": "Fegro-DE", "SuplierRegion": "Germany", "SuplierCountry": "Europe"}, {"Region": "Sub-Saharan Africa", "Country": "Guinea-Bissau", "Item Type": "Vegetables", "Sales Channel": "Online", "Order Priority": "M", "Order Date": "2011-02-18", "Order ID": "657649848", "Ship Date": "2020-04-10", "Units Sold": 6480.0, "Unit Price": 146.36, "Unit Cost": 70.93, "Total Revenue": 948412.8, "Total Cost": 459626.4, "Total Profit": 488786.4, "ItemID": "AMALAVEG0014UE", "Supplier": "Edeka-UK", "SuplierRegion": "United Kingdom", "SuplierCountry": "Europe"}, {"Region": "Australia and Oceania", "Country": "New Zealand", "Item Type": "Vegetables", "Sales Channel": "Offline", "Order Priority": "M", "Order Date": "2017-01-08", "Order ID": "102513571", "Ship Date": "2019-06-25", "Units Sold": 3155.0, "Unit Price": 291.48, "Unit Cost": 153.56, "Total Revenue": 919619.4, "Total Cost": 484481.8, "Total Profit": 435137.6, "ItemID": "AUZBEVEG0026MT", "Supplier": "Edeka-TUR", "SuplierRegion": "Middle East and North Africa", "SuplierCountry": "Turkey"}, {"Region": "Europe", "Country": "Ireland", "Item Type": "Household", "Sales Channel": "Offline", "Order Priority": "M", "Order Date": "2011-09-11", "Order ID": "374116165", "Ship Date": "2018-08-08", "Units Sold": 1218.0, "Unit Price": 628.17, "Unit Cost": 452.29, "Total Revenue": 765111.06, "Total Cost": 550889.22, "Total Profit": 214221.84, "ItemID": "ATAIWHOU0022UE", "Supplier": "Wholesale-UK", "SuplierRegion": "United Kingdom", "SuplierCountry": "Europe"}, {"Region": "Sub-Saharan Africa", "Country": "Democratic Republic of the Congo", "Item Type": "Fruits", "Sales Channel": "Offline", "Order Priority": "H", "Order Date": "2013-10-05", "Order ID": "427401944", "Ship Date": "2021-04-17", "Units Sold": 3799.0, "Unit Price": 257.04, "Unit Cost": 154.35, "Total Revenue": 976494.96, "Total Cost": 586375.65, "Total Profit": 390119.31, "ItemID": "MLIBYFRU0039UN", "Supplier": "Penny-US", "SuplierRegion": "United States of America", "SuplierCountry": "North America"}, {"Region": "Europe", "Country": "Vatican City", "Item Type": "Vegetables", "Sales Channel": "Online", "Order Priority": "H", "Order Date": "2020-09-24", "Order ID": "158604991", "Ship Date": "2023-04-26", "Units Sold": 6057.0, "Unit Price": 212.19, "Unit Cost": 178.99, "Total Revenue": 1285234.83, "Total Cost": 1084142.43, "Total Profit": 201092.4, "ItemID": "EDENMVEG0062ES", "Supplier": "Edeka-ESP", "SuplierRegion": "Europe", "SuplierCountry": "Spain"}, {"Region": "Sub-Saharan Africa", "Country": "The Gambia", "Item Type": "Beverages", "Sales Channel": "Offline", "Order Priority": "C", "Order Date": "2017-03-09", "Order ID": "324235190", "Ship Date": "2021-07-06", "Units Sold": 187.0, "Unit Price": 152.9, "Unit Cost": 168.15, "Total Revenue": 28592.3, "Total Cost": 31444.05, "Total Profit": "-2851,75", "ItemID": "EGERMBEV0067ES", "Supplier": "WIFA-ESP", "SuplierRegion": "Europe", "SuplierCountry": "Spain"}, {"Region": "Middle East and North Africa", "Country": "United Arab Emirates", "Item Type": "Cosmetics", "Sales Channel": "Offline", "Order Priority": "C", "Order Date": "2019-09-16", "Order ID": "825412792", "Ship Date": "2023-09-14", "Units Sold": 412.0, "Unit Price": 175.71, "Unit Cost": 157.04, "Total Revenue": 72392.52, "Total Cost": 64700.48, "Total Profit": 7692.04, "ItemID": "EANDOCOS0052EN", "Supplier": "Beauty-NL", "SuplierRegion": "Europe", "SuplierCountry": "Netherlands"}, {"Region": "Middle East and North Africa", "Country": "United Arab Emirates", "Item Type": "Office Supplies", "Sales Channel": "Online", "Order Priority": "L", "Order Date": "2016-09-03", "Order ID": "428580719", "Ship Date": "2021-06-06", "Units Sold": 7985.0, "Unit Price": 664.23, "Unit Cost": 585.79, "Total Revenue": 5303876.55, "Total Cost": 4677533.15, "Total Profit": 626343.4, "ItemID": "ABANGOFF0001GE", "Supplier": "Staples-DE", "SuplierRegion": "Germany", "SuplierCountry": "Europe"}, {"Region": "Sub-Saharan Africa", "Country": "Sudan", "Item Type": "Household", "Sales Channel": "Offline", "Order Priority": "C", "Order Date": "2021-12-01", "Order ID": "472959285", "Ship Date": "2023-09-23", "Units Sold": 6194.0, "Unit Price": 180.33, "Unit Cost": 156.74, "Total Revenue": 1116964.02, "Total Cost": 970847.56, "Total Profit": 146116.46, "ItemID": "EICELHOU0070ES", "Supplier": "Wholesale-ESP", "SuplierRegion": "Europe", "SuplierCountry": "Spain"}, {"Region": "Central America and the Caribbean", "Country": "Saint Lucia", "Item Type": "Office Supplies", "Sales Channel": "Online", "Order Priority": "H", "Order Date": "2010-06-17", "Order ID": "904006982", "Ship Date": "2021-08-26", "Units Sold": 5356.0, "Unit Price": 266.15, "Unit Cost": 182.8, "Total Revenue": 1425499.4, "Total Cost": 979076.8, "Total Profit": 446422.6, "ItemID": "MKUWAOFF0037UN", "Supplier": "Staples-US", "SuplierRegion": "United States of America", "SuplierCountry": "North America"}, {"Region": "Australia and Oceania", "Country": "Marshall Islands", "Item Type": "Clothes", "Sales Channel": "Offline", "Order Priority": "C", "Order Date": "2011-07-21", "Order ID": "185192801", "Ship Date": "2021-07-05", "Units Sold": 7820.0, "Unit Price": 192.47, "Unit Cost": 176.61, "Total Revenue": 1505115.4, "Total Cost": 1381090.2, "Total Profit": 124025.2, "ItemID": "EHUNGCLO0069ES", "Supplier": "H&M-ESP", "SuplierRegion": "Europe", "SuplierCountry": "Spain"}, {"Region": "Central America and the Caribbean", "Country": "Dominica", "Item Type": "Cosmetics", "Sales Channel": "Online", "Order Priority": "M", "Order Date": "2018-01-14", "Order ID": "615946726", "Ship Date": "2019-05-12", "Units Sold": 2965.0, "Unit Price": 242.36, "Unit Cost": 178.69, "Total Revenue": 718597.4, "Total Cost": 529815.85, "Total Profit": 188781.55, "ItemID": "MAFGHCOS0028MT", "Supplier": "Beauty-TUR", "SuplierRegion": "Middle East and North Africa", "SuplierCountry": "Turkey"}, {"Region": "Middle East and North Africa", "Country": "Tunisia ", "Item Type": "Snacks", "Sales Channel": "Offline", "Order Priority": "L", "Order Date": "2021-06-30", "Order ID": "365521137", "Ship Date": "2022-02-18", "Units Sold": 2203.0, "Unit Price": 183.1, "Unit Cost": 91.59, "Total Revenue": 403369.3, "Total Cost": 201772.77, "Total Profit": 201596.53, "ItemID": "ASINGSNA0020UE", "Supplier": "Edeka-UK", "SuplierRegion": "United Kingdom", "SuplierCountry": "Europe"}, {"Region": "Asia", "Country": "Brunei", "Item Type": "Fruits", "Sales Channel": "Offline", "Order Priority": "M", "Order Date": "2021-07-21", "Order ID": "211756839", "Ship Date": "2021-09-04", "Units Sold": 3975.0, "Unit Price": 200.95, "Unit Cost": 173.25, "Total Revenue": 798776.25, "Total Cost": 688668.75, "Total Profit": 110107.5, "ItemID": "EESTOFRU0063ES", "Supplier": "Penny-ESP", "SuplierRegion": "Europe", "SuplierCountry": "Spain"}, {"Region": "Sub-Saharan Africa", "Country": "Rwanda", "Item Type": "Clothes", "Sales Channel": "Online", "Order Priority": "C", "Order Date": "2014-01-31", "Order ID": "327215416", "Ship Date": "2017-11-29", "Units Sold": 8757.0, "Unit Price": 229.59, "Unit Cost": 187.71, "Total Revenue": 2010519.63, "Total Cost": 1643776.47, "Total Profit": 366743.16, "ItemID": "EBOSNCLO0057EN", "Supplier": "H&M-NL", "SuplierRegion": "Europe", "SuplierCountry": "Netherlands"}, {"Region": "Asia", "Country": "Singapore", "Item Type": "Snacks", "Sales Channel": "Offline", "Order Priority": "H", "Order Date": "2019-08-04", "Order ID": "148466979", "Ship Date": "2021-03-10", "Units Sold": 4051.0, "Unit Price": 251.34, "Unit Cost": 173.93, "Total Revenue": 1018178.34, "Total Cost": 704590.43, "Total Profit": 313587.91, "ItemID": "MEGYPSNA0032MT", "Supplier": "Edeka-TUR", "SuplierRegion": "Middle East and North Africa", "SuplierCountry": "Turkey"}, {"Region": "Asia", "Country": "Indonesia", "Item Type": "Baby Food", "Sales Channel": "Offline", "Order Priority": "M", "Order Date": "2019-10-18", "Order ID": "228543641", "Ship Date": "2022-05-10", "Units Sold": 9395.0, "Unit Price": 256.84, "Unit Cost": 154.97, "Total Revenue": 2413011.8, "Total Cost": 1455943.15, "Total Profit": 957068.65, "ItemID": "MPAKIBAB0042UN", "Supplier": "Hipp-US", "SuplierRegion": "United States of America", "SuplierCountry": "North America"}, {"Region": "Europe", "Country": "Andorra", "Item Type": "Household", "Sales Channel": "Online", "Order Priority": "M", "Order Date": "2013-03-22", "Order ID": "340215484", "Ship Date": "2015-03-12", "Units Sold": 1357.0, "Unit Price": 170.86, "Unit Cost": 172.13, "Total Revenue": 231857.02, "Total Cost": 233580.41, "Total Profit": "-1723,39", "ItemID": "EBULGHOU0058EN", "Supplier": "Wholesale-NL", "SuplierRegion": "Europe", "SuplierCountry": "Netherlands"}, {"Region": "Europe", "Country": "Hungary", "Item Type": "Office Supplies", "Sales Channel": "Offline", "Order Priority": "C", "Order Date": "2014-09-24", "Order ID": "437370713", "Ship Date": "2022-02-05", "Units Sold": 8533.0, "Unit Price": 664.23, "Unit Cost": 585.79, "Total Revenue": 5667874.59, "Total Cost": 4998546.07, "Total Profit": 669328.52, "ItemID": "ABANGOFF0001GE", "Supplier": "Staples-DE", "SuplierRegion": "Germany", "SuplierCountry": "Europe"}, {"Region": "Middle East and North Africa", "Country": "Oman", "Item Type": "Snacks", "Sales Channel": "Online", "Order Priority": "C", "Order Date": "2020-08-25", "Order ID": "780672604", "Ship Date": "2020-12-21", "Units Sold": 6556.0, "Unit Price": 169.59, "Unit Cost": 170.37, "Total Revenue": 1111832.04, "Total Cost": 1116945.72, "Total Profit": "-5113,68", "ItemID": "EGREESNA0068ES", "Supplier": "Edeka-ESP", "SuplierRegion": "Europe", "SuplierCountry": "Spain"}, {"Region": "Central America and the Caribbean", "Country": "Saint Lucia", "Item Type": "Office Supplies", "Sales Channel": "Offline", "Order Priority": "L", "Order Date": "2015-12-01", "Order ID": "979234548", "Ship Date": "2022-02-26", "Units Sold": 3085.0, "Unit Price": 213.85, "Unit Cost": 156.42, "Total Revenue": 659727.25, "Total Cost": 482555.7, "Total Profit": 177171.55, "ItemID": "MUNITOFF0049EN", "Supplier": "Staples-NL", "SuplierRegion": "Europe", "SuplierCountry": "Netherlands"}, {"Region": "Sub-Saharan Africa", "Country": "Rwanda", "Item Type": "Baby Food", "Sales Channel": "Offline", "Order Priority": "L", "Order Date": "2022-04-16", "Order ID": "508043852", "Ship Date": "2022-08-25", "Units Sold": 2812.0, "Unit Price": 288.47, "Unit Cost": 119.57, "Total Revenue": 811177.64, "Total Cost": 336230.84, "Total Profit": 474946.8, "ItemID": "AINDIBAB0006GE", "Supplier": "Hipp-DE", "SuplierRegion": "Germany", "SuplierCountry": "Europe"}, {"Region": "Sub-Saharan Africa", "Country": "Zimbabwe", "Item Type": "Baby Food", "Sales Channel": "Offline", "Order Priority": "C", "Order Date": "2023-10-18", "Order ID": "819250609", "Ship Date": "2023-12-09", "Units Sold": 2463.0, "Unit Price": 221.44, "Unit Cost": 173.45, "Total Revenue": 545406.72, "Total Cost": 427207.35, "Total Profit": 118199.37, "ItemID": "MAZERBAB0030MT", "Supplier": "Hipp-TUR", "SuplierRegion": "Middle East and North Africa", "SuplierCountry": "Turkey"}, {"Region": "Europe", "Country": "Estonia", "Item Type": "Vegetables", "Sales Channel": "Offline", "Order Priority": "M", "Order Date": "2018-03-06", "Order ID": "551252952", "Ship Date": "2020-05-24", "Units Sold": 5791.0, "Unit Price": 250.48, "Unit Cost": 182.08, "Total Revenue": 1450529.68, "Total Cost": 1054425.28, "Total Profit": 396104.4, "ItemID": "MYEMEVEG0050EN", "Supplier": "Edeka-NL", "SuplierRegion": "Europe", "SuplierCountry": "Netherlands"}, {"Region": "Europe", "Country": "Serbia", "Item Type": "Personal Care", "Sales Channel": "Online", "Order Priority": "C", "Order Date": "2017-03-10", "Order ID": "628267584", "Ship Date": "2023-05-20", "Units Sold": 8583.0, "Unit Price": 71.11, "Unit Cost": 52.14, "Total Revenue": 610337.13, "Total Cost": 447517.62, "Total Profit": 162819.51, "ItemID": "ATAJIPER0023UE", "Supplier": "Health-UK", "SuplierRegion": "United Kingdom", "SuplierCountry": "Europe"}, {"Region": "Asia", "Country": "Tajikistan", "Item Type": "Personal Care", "Sales Channel": "Online", "Order Priority": "H", "Order Date": "2018-04-30", "Order ID": "999736131", "Ship Date": "2019-03-03", "Units Sold": 3656.0, "Unit Price": 242.75, "Unit Cost": 151.6, "Total Revenue": 887494.0, "Total Cost": 554249.6, "Total Profit": 333244.4, "ItemID": "MISRAPER0035MT", "Supplier": "Health-TUR", "SuplierRegion": "Middle East and North Africa", "SuplierCountry": "Turkey"}, {"Region": "Sub-Saharan Africa", "Country": "Togo", "Item Type": "Baby Food", "Sales Channel": "Online", "Order Priority": "M", "Order Date": "2016-10-27", "Order ID": "865277632", "Ship Date": "2023-02-11", "Units Sold": 5858.0, "Unit Price": 230.92, "Unit Cost": 181.07, "Total Revenue": 1352729.36, "Total Cost": 1060708.06, "Total Profit": 292021.3, "ItemID": "EAUSTBAB0054EN", "Supplier": "Hipp-NL", "SuplierRegion": "Europe", "SuplierCountry": "Netherlands"}, {"Region": "Sub-Saharan Africa", "Country": "Sierra Leone", "Item Type": "Clothes", "Sales Channel": "Offline", "Order Priority": "M", "Order Date": "2013-12-08", "Order ID": "140122824", "Ship Date": "2016-06-27", "Units Sold": 7070.0, "Unit Price": 244.5, "Unit Cost": 179.9, "Total Revenue": 1728615.0, "Total Cost": 1271893.0, "Total Profit": 456722.0, "ItemID": "MIRANCLO0033MT", "Supplier": "H&M-TUR", "SuplierRegion": "Middle East and North Africa", "SuplierCountry": "Turkey"}, {"Region": "Australia and Oceania", "Country": "Palau", "Item Type": "Household", "Sales Channel": "Offline", "Order Priority": "L", "Order Date": "2013-11-01", "Order ID": "386579665", "Ship Date": "2017-09-19", "Units Sold": 1203.0, "Unit Price": 628.17, "Unit Cost": 452.29, "Total Revenue": 755688.51, "Total Cost": 544104.87, "Total Profit": 211583.64, "ItemID": "ATAIWHOU0022UE", "Supplier": "Wholesale-UK", "SuplierRegion": "United Kingdom", "SuplierCountry": "Europe"}, {"Region": "Europe", "Country": "Switzerland", "Item Type": "Household", "Sales Channel": "Offline", "Order Priority": "M", "Order Date": "2016-04-06", "Order ID": "357630543", "Ship Date": "2023-01-28", "Units Sold": 9198.0, "Unit Price": 170.86, "Unit Cost": 172.13, "Total Revenue": 1571570.28, "Total Cost": 1583251.74, "Total Profit": "-11681,46", "ItemID": "EBULGHOU0058EN", "Supplier": "Wholesale-NL", "SuplierRegion": "Europe", "SuplierCountry": "Netherlands"}, {"Region": "Sub-Saharan Africa", "Country": "Cote d'Ivoire", "Item Type": "Personal Care", "Sales Channel": "Offline", "Order Priority": "H", "Order Date": "2017-12-10", "Order ID": "603385601", "Ship Date": "2019-12-01", "Units Sold": 4031.0, "Unit Price": 156.05, "Unit Cost": 160.47, "Total Revenue": 629037.55, "Total Cost": 646854.57, "Total Profit": "-17817,02", "ItemID": "ECROAPER0059EN", "Supplier": "Health-NL", "SuplierRegion": "Europe", "SuplierCountry": "Netherlands"}, {"Region": "Middle East and North Africa", "Country": "Oman", "Item Type": "Office Supplies", "Sales Channel": "Online", "Order Priority": "L", "Order Date": "2019-12-24", "Order ID": "284246982", "Ship Date": "2023-05-19", "Units Sold": 5705.0, "Unit Price": 664.23, "Unit Cost": 585.79, "Total Revenue": 3789432.15, "Total Cost": 3341931.95, "Total Profit": 447500.2, "ItemID": "ABANGOFF0001GE", "Supplier": "Staples-DE", "SuplierRegion": "Germany", "SuplierCountry": "Europe"}, {"Region": "Europe", "Country": "Serbia", "Item Type": "Cereal", "Sales Channel": "Offline", "Order Priority": "C", "Order Date": "2010-10-05", "Order ID": "589876091", "Ship Date": "2017-08-13", "Units Sold": 6256.0, "Unit Price": 274.76, "Unit Cost": 150.38, "Total Revenue": 1718898.56, "Total Cost": 940777.28, "Total Profit": 778121.28, "ItemID": "MALGECER0029MT", "Supplier": "Rewe-TUR", "SuplierRegion": "Middle East and North Africa", "SuplierCountry": "Turkey"}, {"Region": "Europe", "Country": "Macedonia", "Item Type": "Personal Care", "Sales Channel": "Offline", "Order Priority": "M", "Order Date": "2022-05-11", "Order ID": "830508001", "Ship Date": "2023-01-06", "Units Sold": 4753.0, "Unit Price": 156.05, "Unit Cost": 160.47, "Total Revenue": 741705.65, "Total Cost": 762713.91, "Total Profit": "-21008,26", "ItemID": "ECROAPER0059EN", "Supplier": "Health-NL", "SuplierRegion": "Europe", "SuplierCountry": "Netherlands"}, {"Region": "Sub-Saharan Africa", "Country": "Madagascar", "Item Type": "Cereal", "Sales Channel": "Offline", "Order Priority": "C", "Order Date": "2013-12-30", "Order ID": "842914468", "Ship Date": "2019-07-17", "Units Sold": 2294.0, "Unit Price": 274.76, "Unit Cost": 150.38, "Total Revenue": 630299.44, "Total Cost": 344971.72, "Total Profit": 285327.72, "ItemID": "MALGECER0029MT", "Supplier": "Rewe-TUR", "SuplierRegion": "Middle East and North Africa", "SuplierCountry": "Turkey"}, {"Region": "Sub-Saharan Africa", "Country": "Lesotho", "Item Type": "Meat", "Sales Channel": "Offline", "Order Priority": "H", "Order Date": "2012-05-21", "Order ID": "137623287", "Ship Date": "2020-05-08", "Units Sold": 7008.0, "Unit Price": 493.61, "Unit Cost": 328.22, "Total Revenue": 3459218.88, "Total Cost": 2300165.76, "Total Profit": 1159053.12, "ItemID": "AKYRGMEA0012GE", "Supplier": "Fegro-DE", "SuplierRegion": "Germany", "SuplierCountry": "Europe"}, {"Region": "Europe", "Country": "Poland", "Item Type": "Baby Food", "Sales Channel": "Offline", "Order Priority": "C", "Order Date": "2022-06-15", "Order ID": "224886053", "Ship Date": "2022-11-06", "Units Sold": 9057.0, "Unit Price": 221.44, "Unit Cost": 173.45, "Total Revenue": 2005582.08, "Total Cost": 1570936.65, "Total Profit": 434645.43, "ItemID": "MAZERBAB0030MT", "Supplier": "Hipp-TUR", "SuplierRegion": "Middle East and North Africa", "SuplierCountry": "Turkey"}, {"Region": "Middle East and North Africa", "Country": "Tunisia ", "Item Type": "Clothes", "Sales Channel": "Offline", "Order Priority": "H", "Order Date": "2017-01-11", "Order ID": "363912540", "Ship Date": "2018-03-18", "Units Sold": 5633.0, "Unit Price": 128.95, "Unit Cost": 27.24, "Total Revenue": 726375.35, "Total Cost": 153442.92, "Total Profit": 572932.43, "ItemID": "ASRI CLO0021UE", "Supplier": "H&M-UK", "SuplierRegion": "United Kingdom", "SuplierCountry": "Europe"}, {"Region": "Europe", "Country": "Ukraine", "Item Type": "Snacks", "Sales Channel": "Offline", "Order Priority": "H", "Order Date": "2023-06-28", "Order ID": "799041407", "Ship Date": "2023-09-20", "Units Sold": 5960.0, "Unit Price": 183.1, "Unit Cost": 91.59, "Total Revenue": 1091276.0, "Total Cost": 545876.4, "Total Profit": 545399.6, "ItemID": "ASINGSNA0020UE", "Supplier": "Edeka-UK", "SuplierRegion": "United Kingdom", "SuplierCountry": "Europe"}, {"Region": "Australia and Oceania", "Country": "Tonga", "Item Type": "Meat", "Sales Channel": "Offline", "Order Priority": "M", "Order Date": "2019-05-04", "Order ID": "394448307", "Ship Date": "2020-11-30", "Units Sold": 6292.0, "Unit Price": 232.52, "Unit Cost": 156.21, "Total Revenue": 1463015.84, "Total Cost": 982873.32, "Total Profit": 480142.52, "ItemID": "MTURKMEA0048UN", "Supplier": "Fegro-US", "SuplierRegion": "United States of America", "SuplierCountry": "North America"}, {"Region": "Europe", "Country": "Armenia", "Item Type": "Beverages", "Sales Channel": "Online", "Order Priority": "H", "Order Date": "2018-12-01", "Order ID": "891585496", "Ship Date": "2018-12-02", "Units Sold": 4916.0, "Unit Price": 49.82, "Unit Cost": 24.16, "Total Revenue": 244915.12, "Total Cost": 118770.56, "Total Profit": 126144.56, "ItemID": "AINDOBEV0007GE", "Supplier": "WIFA-DE", "SuplierRegion": "Germany", "SuplierCountry": "Europe"}, {"Region": "Europe", "Country": "Macedonia", "Item Type": "Vegetables", "Sales Channel": "Online", "Order Priority": "H", "Order Date": "2022-09-02", "Order ID": "814152324", "Ship Date": "2023-11-16", "Units Sold": 7150.0, "Unit Price": 135.57, "Unit Cost": 85.47, "Total Revenue": 969325.5, "Total Cost": 611110.5, "Total Profit": 358215.0, "ItemID": "ABHUTVEG0002GE", "Supplier": "Edeka-DE", "SuplierRegion": "Germany", "SuplierCountry": "Europe"}, {"Region": "Europe", "Country": "Belgium", "Item Type": "Cosmetics", "Sales Channel": "Online", "Order Priority": "L", "Order Date": "2022-06-25", "Order ID": "946158582", "Ship Date": "2023-11-10", "Units Sold": 341.0, "Unit Price": 419.71, "Unit Cost": 229.1, "Total Revenue": 143121.11, "Total Cost": 78123.1, "Total Profit": 64998.01, "ItemID": "AMONGCOS0016UE", "Supplier": "Beauty-UK", "SuplierRegion": "United Kingdom", "SuplierCountry": "Europe"}, {"Region": "Middle East and North Africa", "Country": "Oman", "Item Type": "Personal Care", "Sales Channel": "Offline", "Order Priority": "L", "Order Date": "2013-03-15", "Order ID": "816273895", "Ship Date": "2022-03-22", "Units Sold": 8870.0, "Unit Price": 71.11, "Unit Cost": 52.14, "Total Revenue": 630745.7, "Total Cost": 462481.8, "Total Profit": 168263.9, "ItemID": "ATAJIPER0023UE", "Supplier": "Health-UK", "SuplierRegion": "United Kingdom", "SuplierCountry": "Europe"}, {"Region": "Europe", "Country": "Hungary", "Item Type": "Baby Food", "Sales Channel": "Offline", "Order Priority": "M", "Order Date": "2023-10-18", "Order ID": "959564498", "Ship Date": "2023-12-14", "Units Sold": 9148.0, "Unit Price": 201.67, "Unit Cost": 140.29, "Total Revenue": 1844877.16, "Total Cost": 1283372.92, "Total Profit": 561504.24, "ItemID": "ANEPABAB0018UE", "Supplier": "Hipp-UK", "SuplierRegion": "United Kingdom", "SuplierCountry": "Europe"}, {"Region": "Europe", "Country": "Cyprus", "Item Type": "Clothes", "Sales Channel": "Offline", "Order Priority": "C", "Order Date": "2010-11-10", "Order ID": "123363270", "Ship Date": "2018-04-18", "Units Sold": 4616.0, "Unit Price": 229.59, "Unit Cost": 187.71, "Total Revenue": 1059787.44, "Total Cost": 866469.36, "Total Profit": 193318.08, "ItemID": "EBOSNCLO0057EN", "Supplier": "H&M-NL", "SuplierRegion": "Europe", "SuplierCountry": "Netherlands"}, {"Region": "North America", "Country": "Mexico", "Item Type": "Vegetables", "Sales Channel": "Offline", "Order Priority": "C", "Order Date": "2013-05-14", "Order ID": "927880999", "Ship Date": "2023-04-21", "Units Sold": 750.0, "Unit Price": 135.57, "Unit Cost": 85.47, "Total Revenue": 101677.5, "Total Cost": 64102.5, "Total Profit": 37575.0, "ItemID": "ABHUTVEG0002GE", "Supplier": "Edeka-DE", "SuplierRegion": "Germany", "SuplierCountry": "Europe"}, {"Region": "Sub-Saharan Africa", "Country": "Tanzania", "Item Type": "Cosmetics", "Sales Channel": "Online", "Order Priority": "C", "Order Date": "2018-11-06", "Order ID": "999031244", "Ship Date": "2020-01-30", "Units Sold": 54.0, "Unit Price": 154.75, "Unit Cost": 161.51, "Total Revenue": 8356.5, "Total Cost": 8721.54, "Total Profit": "-365,04", "ItemID": "EFINLCOS0064ES", "Supplier": "Beauty-ESP", "SuplierRegion": "Europe", "SuplierCountry": "Spain"}, {"Region": "Asia", "Country": "Thailand", "Item Type": "Personal Care", "Sales Channel": "Offline", "Order Priority": "H", "Order Date": "2020-08-11", "Order ID": "418255500", "Ship Date": "2021-01-25", "Units Sold": 7063.0, "Unit Price": 171.87, "Unit Cost": 175.5, "Total Revenue": 1213917.81, "Total Cost": 1239556.5, "Total Profit": "-25638,69", "ItemID": "MTUNIPER0047UN", "Supplier": "Health-US", "SuplierRegion": "United States of America", "SuplierCountry": "North America"}, {"Region": "Europe", "Country": "Hungary", "Item Type": "Vegetables", "Sales Channel": "Offline", "Order Priority": "L", "Order Date": "2014-10-18", "Order ID": "584566834", "Ship Date": "2019-11-25", "Units Sold": 3345.0, "Unit Price": 291.48, "Unit Cost": 153.56, "Total Revenue": 975000.6, "Total Cost": 513658.2, "Total Profit": 461342.4, "ItemID": "AUZBEVEG0026MT", "Supplier": "Edeka-TUR", "SuplierRegion": "Middle East and North Africa", "SuplierCountry": "Turkey"}, {"Region": "Sub-Saharan Africa", "Country": "Angola", "Item Type": "Clothes", "Sales Channel": "Offline", "Order Priority": "H", "Order Date": "2018-02-28", "Order ID": "203040794", "Ship Date": "2022-08-08", "Units Sold": 2500.0, "Unit Price": 244.5, "Unit Cost": 179.9, "Total Revenue": 611250.0, "Total Cost": 449750.0, "Total Profit": 161500.0, "ItemID": "MIRANCLO0033MT", "Supplier": "H&M-TUR", "SuplierRegion": "Middle East and North Africa", "SuplierCountry": "Turkey"}, {"Region": "Europe", "Country": "Macedonia", "Item Type": "Office Supplies", "Sales Channel": "Offline", "Order Priority": "L", "Order Date": "2014-01-26", "Order ID": "441941609", "Ship Date": "2015-03-12", "Units Sold": 5156.0, "Unit Price": 696.79, "Unit Cost": 493.46, "Total Revenue": 3592649.24, "Total Cost": 2544279.76, "Total Profit": 1048369.48, "ItemID": "ALAOSOFF0013UE", "Supplier": "Staples-UK", "SuplierRegion": "United Kingdom", "SuplierCountry": "Europe"}, {"Region": "Australia and Oceania", "Country": "Nauru", "Item Type": "Cereal", "Sales Channel": "Online", "Order Priority": "H", "Order Date": "2023-04-29", "Order ID": "845311694", "Ship Date": "2023-08-17", "Units Sold": 3975.0, "Unit Price": 170.73, "Unit Cost": 104.23, "Total Revenue": 678651.75, "Total Cost": 414314.25, "Total Profit": 264337.5, "ItemID": "ACHINCER0005GE", "Supplier": "Rewe-DE", "SuplierRegion": "Germany", "SuplierCountry": "Europe"}, {"Region": "Australia and Oceania", "Country": "Papua New Guinea", "Item Type": "Fruits", "Sales Channel": "Offline", "Order Priority": "L", "Order Date": "2021-07-22", "Order ID": "433219180", "Ship Date": "2023-06-25", "Units Sold": 8649.0, "Unit Price": 257.04, "Unit Cost": 154.35, "Total Revenue": 2223138.96, "Total Cost": 1334973.15, "Total Profit": 888165.81, "ItemID": "MLIBYFRU0039UN", "Supplier": "Penny-US", "SuplierRegion": "United States of America", "SuplierCountry": "North America"}, {"Region": "Asia", "Country": "South Korea", "Item Type": "Personal Care", "Sales Channel": "Offline", "Order Priority": "C", "Order Date": "2010-06-04", "Order ID": "237998794", "Ship Date": "2011-03-28", "Units Sold": 902.0, "Unit Price": 71.11, "Unit Cost": 52.14, "Total Revenue": 64141.22, "Total Cost": 47030.28, "Total Profit": 17110.94, "ItemID": "ATAJIPER0023UE", "Supplier": "Health-UK", "SuplierRegion": "United Kingdom", "SuplierCountry": "Europe"}, {"Region": "Middle East and North Africa", "Country": "Kuwait", "Item Type": "Snacks", "Sales Channel": "Online", "Order Priority": "C", "Order Date": "2013-08-05", "Order ID": "278395131", "Ship Date": "2021-01-23", "Units Sold": 9489.0, "Unit Price": 169.59, "Unit Cost": 170.37, "Total Revenue": 1609239.51, "Total Cost": 1616640.93, "Total Profit": "-7401,42", "ItemID": "EGREESNA0068ES", "Supplier": "Edeka-ESP", "SuplierRegion": "Europe", "SuplierCountry": "Spain"}, {"Region": "Middle East and North Africa", "Country": "Yemen", "Item Type": "Household", "Sales Channel": "Offline", "Order Priority": "H", "Order Date": "2017-07-31", "Order ID": "164135518", "Ship Date": "2021-10-10", "Units Sold": 5195.0, "Unit Price": 628.17, "Unit Cost": 452.29, "Total Revenue": 3263343.15, "Total Cost": 2349646.55, "Total Profit": 913696.6, "ItemID": "ATAIWHOU0022UE", "Supplier": "Wholesale-UK", "SuplierRegion": "United Kingdom", "SuplierCountry": "Europe"}, {"Region": "Europe", "Country": "Vatican City", "Item Type": "Beverages", "Sales Channel": "Online", "Order Priority": "L", "Order Date": "2022-12-21", "Order ID": "680205379", "Ship Date": "2023-04-02", "Units Sold": 5839.0, "Unit Price": 49.82, "Unit Cost": 24.16, "Total Revenue": 290898.98, "Total Cost": 141070.24, "Total Profit": 149828.74, "ItemID": "AINDOBEV0007GE", "Supplier": "WIFA-DE", "SuplierRegion": "Germany", "SuplierCountry": "Europe"}, {"Region": "Asia", "Country": "Uzbekistan", "Item Type": "Fruits", "Sales Channel": "Offline", "Order Priority": "C", "Order Date": "2017-01-21", "Order ID": "177766616", "Ship Date": "2017-04-06", "Units Sold": 1269.0, "Unit Price": 284.19, "Unit Cost": 172.75, "Total Revenue": 360637.11, "Total Cost": 219219.75, "Total Profit": 141417.36, "ItemID": "AVIETFRU0027MT", "Supplier": "Penny-TUR", "SuplierRegion": "Middle East and North Africa", "SuplierCountry": "Turkey"}, {"Region": "Central America and the Caribbean", "Country": "Panama", "Item Type": "Personal Care", "Sales Channel": "Online", "Order Priority": "M", "Order Date": "2022-05-24", "Order ID": "629990332", "Ship Date": "2024-01-04", "Units Sold": 8365.0, "Unit Price": 197.58, "Unit Cost": 189.14, "Total Revenue": 1652756.7, "Total Cost": 1582156.1, "Total Profit": 70600.6, "ItemID": "EIRELPER0071ES", "Supplier": "Health-ESP", "SuplierRegion": "Europe", "SuplierCountry": "Spain"}, {"Region": "Europe", "Country": "Romania", "Item Type": "Clothes", "Sales Channel": "Online", "Order Priority": "L", "Order Date": "2016-03-21", "Order ID": "405054842", "Ship Date": "2018-12-26", "Units Sold": 6038.0, "Unit Price": 98.35, "Unit Cost": 30.46, "Total Revenue": 593837.3, "Total Cost": 183917.48, "Total Profit": 409919.82, "ItemID": "AKAZACLO0009GE", "Supplier": "H&M-DE", "SuplierRegion": "Germany", "SuplierCountry": "Europe"}, {"Region": "Europe", "Country": "Norway", "Item Type": "Personal Care", "Sales Channel": "Offline", "Order Priority": "L", "Order Date": "2013-12-25", "Order ID": "436141273", "Ship Date": "2016-01-22", "Units Sold": 230.0, "Unit Price": 156.05, "Unit Cost": 160.47, "Total Revenue": 35891.5, "Total Cost": 36908.1, "Total Profit": "-1016,60", "ItemID": "ECROAPER0059EN", "Supplier": "Health-NL", "SuplierRegion": "Europe", "SuplierCountry": "Netherlands"}, {"Region": "Europe", "Country": "Bosnia and Herzegovina", "Item Type": "Cereal", "Sales Channel": "Offline", "Order Priority": "H", "Order Date": "2016-03-22", "Order ID": "469519314", "Ship Date": "2022-07-10", "Units Sold": 8915.0, "Unit Price": 274.76, "Unit Cost": 150.38, "Total Revenue": 2449485.4, "Total Cost": 1340637.7, "Total Profit": 1108847.7, "ItemID": "MALGECER0029MT", "Supplier": "Rewe-TUR", "SuplierRegion": "Middle East and North Africa", "SuplierCountry": "Turkey"}, {"Region": "Asia", "Country": "Vietnam", "Item Type": "Cereal", "Sales Channel": "Offline", "Order Priority": "L", "Order Date": "2018-05-10", "Order ID": "989861560", "Ship Date": "2023-01-16", "Units Sold": 7098.0, "Unit Price": 170.73, "Unit Cost": 104.23, "Total Revenue": 1211841.54, "Total Cost": 739824.54, "Total Profit": 472017.0, "ItemID": "ACHINCER0005GE", "Supplier": "Rewe-DE", "SuplierRegion": "Germany", "SuplierCountry": "Europe"}, {"Region": "Australia and Oceania", "Country": "New Zealand", "Item Type": "Personal Care", "Sales Channel": "Offline", "Order Priority": "L", "Order Date": "2023-09-28", "Order ID": "654965121", "Ship Date": "2023-11-04", "Units Sold": 1814.0, "Unit Price": 71.11, "Unit Cost": 52.14, "Total Revenue": 128993.54, "Total Cost": 94581.96, "Total Profit": 34411.58, "ItemID": "ATAJIPER0023UE", "Supplier": "Health-UK", "SuplierRegion": "United Kingdom", "SuplierCountry": "Europe"}, {"Region": "Asia", "Country": "Vietnam", "Item Type": "Household", "Sales Channel": "Online", "Order Priority": "L", "Order Date": "2013-07-23", "Order ID": "381961786", "Ship Date": "2018-01-12", "Units Sold": 7133.0, "Unit Price": 254.23, "Unit Cost": 147.57, "Total Revenue": 1813422.59, "Total Cost": 1052616.81, "Total Profit": 760805.78, "ItemID": "MIRAQHOU0034MT", "Supplier": "Wholesale-TUR", "SuplierRegion": "Middle East and North Africa", "SuplierCountry": "Turkey"}, {"Region": "Australia and Oceania", "Country": "Papua New Guinea", "Item Type": "Vegetables", "Sales Channel": "Offline", "Order Priority": "L", "Order Date": "2019-02-09", "Order ID": "303826342", "Ship Date": "2019-12-15", "Units Sold": 9151.0, "Unit Price": 146.36, "Unit Cost": 70.93, "Total Revenue": 1339340.36, "Total Cost": 649080.43, "Total Profit": 690259.93, "ItemID": "AMALAVEG0014UE", "Supplier": "Edeka-UK", "SuplierRegion": "United Kingdom", "SuplierCountry": "Europe"}, {"Region": "Asia", "Country": "Tajikistan", "Item Type": "Personal Care", "Sales Channel": "Offline", "Order Priority": "H", "Order Date": "2016-09-18", "Order ID": "140572028", "Ship Date": "2022-01-21", "Units Sold": 999.0, "Unit Price": 197.58, "Unit Cost": 189.14, "Total Revenue": 197382.42, "Total Cost": 188950.86, "Total Profit": 8431.56, "ItemID": "EIRELPER0071ES", "Supplier": "Health-ESP", "SuplierRegion": "Europe", "SuplierCountry": "Spain"}, {"Region": "Middle East and North Africa", "Country": "Afghanistan", "Item Type": "Personal Care", "Sales Channel": "Offline", "Order Priority": "M", "Order Date": "2012-04-03", "Order ID": "818936475", "Ship Date": "2015-10-17", "Units Sold": 7838.0, "Unit Price": 171.87, "Unit Cost": 175.5, "Total Revenue": 1347117.06, "Total Cost": 1375569.0, "Total Profit": "-28451,94", "ItemID": "MTUNIPER0047UN", "Supplier": "Health-US", "SuplierRegion": "United States of America", "SuplierCountry": "North America"}, {"Region": "Asia", "Country": "Bhutan", "Item Type": "Office Supplies", "Sales Channel": "Online", "Order Priority": "C", "Order Date": "2012-04-11", "Order ID": "845002558", "Ship Date": "2015-08-31", "Units Sold": 1860.0, "Unit Price": 145.44, "Unit Cost": 150.95, "Total Revenue": 270518.4, "Total Cost": 280767.0, "Total Profit": "-10248,60", "ItemID": "ECZECOFF0061ES", "Supplier": "Staples-ESP", "SuplierRegion": "Europe", "SuplierCountry": "Spain"}, {"Region": "North America", "Country": "Greenland", "Item Type": "Fruits", "Sales Channel": "Offline", "Order Priority": "H", "Order Date": "2012-11-02", "Order ID": "392373277", "Ship Date": "2022-12-06", "Units Sold": 7289.0, "Unit Price": 257.04, "Unit Cost": 154.35, "Total Revenue": 1873564.56, "Total Cost": 1125057.15, "Total Profit": 748507.41, "ItemID": "MLIBYFRU0039UN", "Supplier": "Penny-US", "SuplierRegion": "United States of America", "SuplierCountry": "North America"}, {"Region": "Australia and Oceania", "Country": "Samoa ", "Item Type": "Vegetables", "Sales Channel": "Offline", "Order Priority": "M", "Order Date": "2022-07-08", "Order ID": "158163714", "Ship Date": "2023-04-28", "Units Sold": 5381.0, "Unit Price": 216.09, "Unit Cost": 179.19, "Total Revenue": 1162780.29, "Total Cost": 964221.39, "Total Profit": 198558.9, "ItemID": "MLEBAVEG0038UN", "Supplier": "Edeka-US", "SuplierRegion": "United States of America", "SuplierCountry": "North America"}, {"Region": "Europe", "Country": "Netherlands", "Item Type": "Beverages", "Sales Channel": "Offline", "Order Priority": "H", "Order Date": "2022-06-09", "Order ID": "995850412", "Ship Date": "2023-05-16", "Units Sold": 9420.0, "Unit Price": 152.9, "Unit Cost": 168.15, "Total Revenue": 1440318.0, "Total Cost": 1583973.0, "Total Profit": "-143655,00", "ItemID": "EGERMBEV0067ES", "Supplier": "WIFA-ESP", "SuplierRegion": "Europe", "SuplierCountry": "Spain"}, {"Region": "Europe", "Country": "Poland", "Item Type": "Cereal", "Sales Channel": "Online", "Order Priority": "C", "Order Date": "2018-09-11", "Order ID": "911592325", "Ship Date": "2018-12-25", "Units Sold": 9724.0, "Unit Price": 217.45, "Unit Cost": 165.11, "Total Revenue": 2114483.8, "Total Cost": 1605529.64, "Total Profit": 508954.16, "ItemID": "EARMECER0053EN", "Supplier": "Rewe-NL", "SuplierRegion": "Europe", "SuplierCountry": "Netherlands"}, {"Region": "Europe", "Country": "Macedonia", "Item Type": "Vegetables", "Sales Channel": "Online", "Order Priority": "C", "Order Date": "2020-12-21", "Order ID": "447393478", "Ship Date": "2021-02-02", "Units Sold": 8643.0, "Unit Price": 146.36, "Unit Cost": 70.93, "Total Revenue": 1264989.48, "Total Cost": 613047.99, "Total Profit": 651941.49, "ItemID": "AMALAVEG0014UE", "Supplier": "Edeka-UK", "SuplierRegion": "United Kingdom", "SuplierCountry": "Europe"}, {"Region": "Asia", "Country": "Tajikistan", "Item Type": "Snacks", "Sales Channel": "Offline", "Order Priority": "C", "Order Date": "2021-08-09", "Order ID": "571874888", "Ship Date": "2021-11-06", "Units Sold": 5556.0, "Unit Price": 251.34, "Unit Cost": 173.93, "Total Revenue": 1396445.04, "Total Cost": 966355.08, "Total Profit": 430089.96, "ItemID": "MEGYPSNA0032MT", "Supplier": "Edeka-TUR", "SuplierRegion": "Middle East and North Africa", "SuplierCountry": "Turkey"}, {"Region": "Middle East and North Africa", "Country": "Turkey", "Item Type": "Beverages", "Sales Channel": "Online", "Order Priority": "C", "Order Date": "2010-12-27", "Order ID": "998122748", "Ship Date": "2011-10-12", "Units Sold": 1874.0, "Unit Price": 152.9, "Unit Cost": 168.15, "Total Revenue": 286534.6, "Total Cost": 315113.1, "Total Profit": "-28578,50", "ItemID": "EGERMBEV0067ES", "Supplier": "WIFA-ESP", "SuplierRegion": "Europe", "SuplierCountry": "Spain"}, {"Region": "Sub-Saharan Africa", "Country": "Tanzania", "Item Type": "Cereal", "Sales Channel": "Offline", "Order Priority": "L", "Order Date": "2018-10-13", "Order ID": "824115459", "Ship Date": "2019-10-16", "Units Sold": 6039.0, "Unit Price": 130.4, "Unit Cost": 183.69, "Total Revenue": 787485.6, "Total Cost": 1109303.91, "Total Profit": "-321818,31", "ItemID": "EFRANCER0065ES", "Supplier": "Rewe-ESP", "SuplierRegion": "Europe", "SuplierCountry": "Spain"}, {"Region": "Asia", "Country": "Bhutan", "Item Type": "Clothes", "Sales Channel": "Offline", "Order Priority": "M", "Order Date": "2022-11-24", "Order ID": "784182631", "Ship Date": "2023-12-21", "Units Sold": 8525.0, "Unit Price": 192.47, "Unit Cost": 176.61, "Total Revenue": 1640806.75, "Total Cost": 1505600.25, "Total Profit": 135206.5, "ItemID": "EHUNGCLO0069ES", "Supplier": "H&M-ESP", "SuplierRegion": "Europe", "SuplierCountry": "Spain"}, {"Region": "Australia and Oceania", "Country": "Nauru", "Item Type": "Fruits", "Sales Channel": "Offline", "Order Priority": "M", "Order Date": "2014-12-10", "Order ID": "170643475", "Ship Date": "2016-08-28", "Units Sold": 6837.0, "Unit Price": 257.04, "Unit Cost": 154.35, "Total Revenue": 1757382.48, "Total Cost": 1055290.95, "Total Profit": 702091.53, "ItemID": "MLIBYFRU0039UN", "Supplier": "Penny-US", "SuplierRegion": "United States of America", "SuplierCountry": "North America"}, {"Region": "Australia and Oceania", "Country": "Solomon Islands", "Item Type": "Cereal", "Sales Channel": "Offline", "Order Priority": "C", "Order Date": "2014-06-21", "Order ID": "996279887", "Ship Date": "2021-11-18", "Units Sold": 511.0, "Unit Price": 274.76, "Unit Cost": 150.38, "Total Revenue": 140402.36, "Total Cost": 76844.18, "Total Profit": 63558.18, "ItemID": "MALGECER0029MT", "Supplier": "Rewe-TUR", "SuplierRegion": "Middle East and North Africa", "SuplierCountry": "Turkey"}, {"Region": "Sub-Saharan Africa", "Country": "Cote d'Ivoire", "Item Type": "Clothes", "Sales Channel": "Offline", "Order Priority": "L", "Order Date": "2014-11-28", "Order ID": "596505851", "Ship Date": "2016-08-28", "Units Sold": 6115.0, "Unit Price": 98.35, "Unit Cost": 30.46, "Total Revenue": 601410.25, "Total Cost": 186262.9, "Total Profit": 415147.35, "ItemID": "AKAZACLO0009GE", "Supplier": "H&M-DE", "SuplierRegion": "Germany", "SuplierCountry": "Europe"}, {"Region": "Sub-Saharan Africa", "Country": "Democratic Republic of the Congo", "Item Type": "Snacks", "Sales Channel": "Online", "Order Priority": "L", "Order Date": "2013-02-24", "Order ID": "907440671", "Ship Date": "2023-01-30", "Units Sold": 2247.0, "Unit Price": 256.5, "Unit Cost": 145.67, "Total Revenue": 576355.5, "Total Cost": 327320.49, "Total Profit": 249035.01, "ItemID": "MSAUDSNA0044UN", "Supplier": "Edeka-US", "SuplierRegion": "United States of America", "SuplierCountry": "North America"}, {"Region": "Sub-Saharan Africa", "Country": "Swaziland", "Item Type": "Snacks", "Sales Channel": "Online", "Order Priority": "C", "Order Date": "2016-11-17", "Order ID": "260193615", "Ship Date": "2022-07-25", "Units Sold": 4537.0, "Unit Price": 256.5, "Unit Cost": 145.67, "Total Revenue": 1163740.5, "Total Cost": 660904.79, "Total Profit": 502835.71, "ItemID": "MSAUDSNA0044UN", "Supplier": "Edeka-US", "SuplierRegion": "United States of America", "SuplierCountry": "North America"}, {"Region": "Asia", "Country": "Indonesia", "Item Type": "Meat", "Sales Channel": "Offline", "Order Priority": "M", "Order Date": "2020-01-27", "Order ID": "802749995", "Ship Date": "2023-03-03", "Units Sold": 646.0, "Unit Price": 493.61, "Unit Cost": 328.22, "Total Revenue": 318872.06, "Total Cost": 212030.12, "Total Profit": 106841.94, "ItemID": "AKYRGMEA0012GE", "Supplier": "Fegro-DE", "SuplierRegion": "Germany", "SuplierCountry": "Europe"}, {"Region": "Europe", "Country": "Germany", "Item Type": "Fruits", "Sales Channel": "Offline", "Order Priority": "L", "Order Date": "2013-01-21", "Order ID": "817981786", "Ship Date": "2016-04-24", "Units Sold": 5266.0, "Unit Price": 7.65, "Unit Cost": 6.37, "Total Revenue": 40284.9, "Total Cost": 33544.42, "Total Profit": 6740.48, "ItemID": "AMALDFRU0015UE", "Supplier": "Penny-UK", "SuplierRegion": "United Kingdom", "SuplierCountry": "Europe"}, {"Region": "Australia and Oceania", "Country": "Palau", "Item Type": "Beverages", "Sales Channel": "Online", "Order Priority": "L", "Order Date": "2011-03-23", "Order ID": "465522651", "Ship Date": "2020-09-10", "Units Sold": 5122.0, "Unit Price": 152.9, "Unit Cost": 168.15, "Total Revenue": 783153.8, "Total Cost": 861264.3, "Total Profit": "-78110,50", "ItemID": "EGERMBEV0067ES", "Supplier": "WIFA-ESP", "SuplierRegion": "Europe", "SuplierCountry": "Spain"}, {"Region": "Europe", "Country": "Cyprus", "Item Type": "Cereal", "Sales Channel": "Offline", "Order Priority": "C", "Order Date": "2014-01-06", "Order ID": "982375214", "Ship Date": "2023-04-11", "Units Sold": 3968.0, "Unit Price": 274.76, "Unit Cost": 150.38, "Total Revenue": 1090247.68, "Total Cost": 596707.84, "Total Profit": 493539.84, "ItemID": "MALGECER0029MT", "Supplier": "Rewe-TUR", "SuplierRegion": "Middle East and North Africa", "SuplierCountry": "Turkey"}, {"Region": "Sub-Saharan Africa", "Country": "Mauritania", "Item Type": "Personal Care", "Sales Channel": "Offline", "Order Priority": "C", "Order Date": "2018-06-23", "Order ID": "831108234", "Ship Date": "2021-01-13", "Units Sold": 7589.0, "Unit Price": 197.58, "Unit Cost": 189.14, "Total Revenue": 1499434.62, "Total Cost": 1435383.46, "Total Profit": 64051.16, "ItemID": "EIRELPER0071ES", "Supplier": "Health-ESP", "SuplierRegion": "Europe", "SuplierCountry": "Spain"}, {"Region": "Middle East and North Africa", "Country": "Lebanon", "Item Type": "Baby Food", "Sales Channel": "Offline", "Order Priority": "L", "Order Date": "2012-02-14", "Order ID": "519587582", "Ship Date": "2018-06-13", "Units Sold": 8805.0, "Unit Price": 192.5, "Unit Cost": 171.93, "Total Revenue": 1694962.5, "Total Cost": 1513843.65, "Total Profit": 181118.85, "ItemID": "EGEORBAB0066ES", "Supplier": "Hipp-ESP", "SuplierRegion": "Europe", "SuplierCountry": "Spain"}, {"Region": "Asia", "Country": "Uzbekistan", "Item Type": "Vegetables", "Sales Channel": "Offline", "Order Priority": "L", "Order Date": "2018-07-24", "Order ID": "131181091", "Ship Date": "2019-03-29", "Units Sold": 2462.0, "Unit Price": 250.48, "Unit Cost": 182.08, "Total Revenue": 616681.76, "Total Cost": 448280.96, "Total Profit": 168400.8, "ItemID": "MYEMEVEG0050EN", "Supplier": "Edeka-NL", "SuplierRegion": "Europe", "SuplierCountry": "Netherlands"}, {"Region": "Sub-Saharan Africa", "Country": "Benin", "Item Type": "Fruits", "Sales Channel": "Offline", "Order Priority": "C", "Order Date": "2015-03-13", "Order ID": "938249928", "Ship Date": "2023-07-05", "Units Sold": 442.0, "Unit Price": 183.5, "Unit Cost": 160.75, "Total Revenue": 81107.0, "Total Cost": 71051.5, "Total Profit": 10055.5, "ItemID": "EALBAFRU0051EN", "Supplier": "Penny-NL", "SuplierRegion": "Europe", "SuplierCountry": "Netherlands"}, {"Region": "Sub-Saharan Africa", "Country": "Djibouti", "Item Type": "Personal Care", "Sales Channel": "Online", "Order Priority": "L", "Order Date": "2023-05-11", "Order ID": "792017312", "Ship Date": "2023-05-11", "Units Sold": 6655.0, "Unit Price": 171.87, "Unit Cost": 175.5, "Total Revenue": 1143794.85, "Total Cost": 1167952.5, "Total Profit": "-24157,65", "ItemID": "MTUNIPER0047UN", "Supplier": "Health-US", "SuplierRegion": "United States of America", "SuplierCountry": "North America"}, {"Region": "Central America and the Caribbean", "Country": "Trinidad and Tobago", "Item Type": "Vegetables", "Sales Channel": "Online", "Order Priority": "M", "Order Date": "2019-05-26", "Order ID": "877808441", "Ship Date": "2021-08-13", "Units Sold": 2043.0, "Unit Price": 135.57, "Unit Cost": 85.47, "Total Revenue": 276969.51, "Total Cost": 174615.21, "Total Profit": 102354.3, "ItemID": "ABHUTVEG0002GE", "Supplier": "Edeka-DE", "SuplierRegion": "Germany", "SuplierCountry": "Europe"}, {"Region": "Central America and the Caribbean", "Country": "Saint Vincent and the Grenadines", "Item Type": "Vegetables", "Sales Channel": "Online", "Order Priority": "L", "Order Date": "2013-05-07", "Order ID": "284859863", "Ship Date": "2017-10-23", "Units Sold": 9580.0, "Unit Price": 250.48, "Unit Cost": 182.08, "Total Revenue": 2399598.4, "Total Cost": 1744326.4, "Total Profit": 655272.0, "ItemID": "MYEMEVEG0050EN", "Supplier": "Edeka-NL", "SuplierRegion": "Europe", "SuplierCountry": "Netherlands"}, {"Region": "Europe", "Country": "Denmark", "Item Type": "Personal Care", "Sales Channel": "Online", "Order Priority": "C", "Order Date": "2014-05-29", "Order ID": "109743688", "Ship Date": "2016-01-16", "Units Sold": 9272.0, "Unit Price": 71.11, "Unit Cost": 52.14, "Total Revenue": 659331.92, "Total Cost": 483442.08, "Total Profit": 175889.84, "ItemID": "ATAJIPER0023UE", "Supplier": "Health-UK", "SuplierRegion": "United Kingdom", "SuplierCountry": "Europe"}, {"Region": "Middle East and North Africa", "Country": "Kuwait", "Item Type": "Beverages", "Sales Channel": "Online", "Order Priority": "H", "Order Date": "2022-04-08", "Order ID": "528255707", "Ship Date": "2023-05-24", "Units Sold": 3154.0, "Unit Price": 152.9, "Unit Cost": 168.15, "Total Revenue": 482246.6, "Total Cost": 530345.1, "Total Profit": "-48098,50", "ItemID": "EGERMBEV0067ES", "Supplier": "WIFA-ESP", "SuplierRegion": "Europe", "SuplierCountry": "Spain"}, {"Region": "Asia", "Country": "Thailand", "Item Type": "Meat", "Sales Channel": "Offline", "Order Priority": "L", "Order Date": "2017-05-31", "Order ID": "480360559", "Ship Date": "2023-03-19", "Units Sold": 293.0, "Unit Price": 345.95, "Unit Cost": 309.99, "Total Revenue": 101363.35, "Total Cost": 90827.07, "Total Profit": 10536.28, "ItemID": "ATHAIMEA0024UE", "Supplier": "Fegro-UK", "SuplierRegion": "United Kingdom", "SuplierCountry": "Europe"}, {"Region": "Sub-Saharan Africa", "Country": "Zimbabwe", "Item Type": "Vegetables", "Sales Channel": "Online", "Order Priority": "C", "Order Date": "2010-05-18", "Order ID": "755869349", "Ship Date": "2019-07-06", "Units Sold": 1789.0, "Unit Price": 250.48, "Unit Cost": 182.08, "Total Revenue": 448108.72, "Total Cost": 325741.12, "Total Profit": 122367.6, "ItemID": "MYEMEVEG0050EN", "Supplier": "Edeka-NL", "SuplierRegion": "Europe", "SuplierCountry": "Netherlands"}, {"Region": "Sub-Saharan Africa", "Country": "Democratic Republic of the Congo", "Item Type": "Vegetables", "Sales Channel": "Offline", "Order Priority": "M", "Order Date": "2016-09-10", "Order ID": "212778231", "Ship Date": "2017-06-30", "Units Sold": 5771.0, "Unit Price": 135.57, "Unit Cost": 85.47, "Total Revenue": 782374.47, "Total Cost": 493247.37, "Total Profit": 289127.1, "ItemID": "ABHUTVEG0002GE", "Supplier": "Edeka-DE", "SuplierRegion": "Germany", "SuplierCountry": "Europe"}, {"Region": "Central America and the Caribbean", "Country": "Guatemala", "Item Type": "Snacks", "Sales Channel": "Online", "Order Priority": "L", "Order Date": "2017-03-30", "Order ID": "410507571", "Ship Date": "2022-10-17", "Units Sold": 2399.0, "Unit Price": 256.5, "Unit Cost": 145.67, "Total Revenue": 615343.5, "Total Cost": 349462.33, "Total Profit": 265881.17, "ItemID": "MSAUDSNA0044UN", "Supplier": "Edeka-US", "SuplierRegion": "United States of America", "SuplierCountry": "North America"}, {"Region": "Asia", "Country": "India", "Item Type": "Snacks", "Sales Channel": "Online", "Order Priority": "H", "Order Date": "2014-04-29", "Order ID": "817902799", "Ship Date": "2023-07-19", "Units Sold": 8868.0, "Unit Price": 256.5, "Unit Cost": 145.67, "Total Revenue": 2274642.0, "Total Cost": 1291801.56, "Total Profit": 982840.44, "ItemID": "MSAUDSNA0044UN", "Supplier": "Edeka-US", "SuplierRegion": "United States of America", "SuplierCountry": "North America"}, {"Region": "Europe", "Country": "Czech Republic", "Item Type": "Meat", "Sales Channel": "Online", "Order Priority": "L", "Order Date": "2012-09-03", "Order ID": "851899340", "Ship Date": "2016-04-22", "Units Sold": 4400.0, "Unit Price": 238.37, "Unit Cost": 171.02, "Total Revenue": 1048828.0, "Total Cost": 752488.0, "Total Profit": 296340.0, "ItemID": "MJORDMEA0036MT", "Supplier": "Fegro-TUR", "SuplierRegion": "Middle East and North Africa", "SuplierCountry": "Turkey"}, {"Region": "Middle East and North Africa", "Country": "Saudi Arabia", "Item Type": "Baby Food", "Sales Channel": "Online", "Order Priority": "L", "Order Date": "2015-04-23", "Order ID": "423744524", "Ship Date": "2020-12-07", "Units Sold": 5250.0, "Unit Price": 256.84, "Unit Cost": 154.97, "Total Revenue": 1348410.0, "Total Cost": 813592.5, "Total Profit": 534817.5, "ItemID": "MPAKIBAB0042UN", "Supplier": "Hipp-US", "SuplierRegion": "United States of America", "SuplierCountry": "North America"}, {"Region": "Europe", "Country": "Iceland", "Item Type": "Household", "Sales Channel": "Online", "Order Priority": "H", "Order Date": "2010-07-06", "Order ID": "960437818", "Ship Date": "2017-04-16", "Units Sold": 9704.0, "Unit Price": 254.23, "Unit Cost": 147.57, "Total Revenue": 2467047.92, "Total Cost": 1432019.28, "Total Profit": 1035028.64, "ItemID": "MIRAQHOU0034MT", "Supplier": "Wholesale-TUR", "SuplierRegion": "Middle East and North Africa", "SuplierCountry": "Turkey"}, {"Region": "Sub-Saharan Africa", "Country": "Ghana", "Item Type": "Household", "Sales Channel": "Offline", "Order Priority": "M", "Order Date": "2019-03-02", "Order ID": "133619082", "Ship Date": "2022-09-19", "Units Sold": 3080.0, "Unit Price": 158.68, "Unit Cost": 163.59, "Total Revenue": 488734.4, "Total Cost": 503857.2, "Total Profit": "-15122,80", "ItemID": "MSYRIHOU0046UN", "Supplier": "Wholesale-US", "SuplierRegion": "United States of America", "SuplierCountry": "North America"}, {"Region": "Europe", "Country": "Belgium", "Item Type": "Fruits", "Sales Channel": "Online", "Order Priority": "H", "Order Date": "2021-05-05", "Order ID": "661425297", "Ship Date": "2021-11-14", "Units Sold": 2727.0, "Unit Price": 200.95, "Unit Cost": 173.25, "Total Revenue": 547990.65, "Total Cost": 472452.75, "Total Profit": 75537.9, "ItemID": "EESTOFRU0063ES", "Supplier": "Penny-ESP", "SuplierRegion": "Europe", "SuplierCountry": "Spain"}, {"Region": "Europe", "Country": "Armenia", "Item Type": "Snacks", "Sales Channel": "Online", "Order Priority": "C", "Order Date": "2010-05-01", "Order ID": "299153744", "Ship Date": "2021-11-29", "Units Sold": 3023.0, "Unit Price": 143.8, "Unit Cost": 169.71, "Total Revenue": 434707.4, "Total Cost": 513033.33, "Total Profit": "-78325,93", "ItemID": "EBELGSNA0056EN", "Supplier": "Edeka-NL", "SuplierRegion": "Europe", "SuplierCountry": "Netherlands"}, {"Region": "Sub-Saharan Africa", "Country": "Uganda", "Item Type": "Household", "Sales Channel": "Online", "Order Priority": "M", "Order Date": "2017-02-04", "Order ID": "120658878", "Ship Date": "2023-10-31", "Units Sold": 381.0, "Unit Price": 628.17, "Unit Cost": 452.29, "Total Revenue": 239332.77, "Total Cost": 172322.49, "Total Profit": 67010.28, "ItemID": "ATAIWHOU0022UE", "Supplier": "Wholesale-UK", "SuplierRegion": "United Kingdom", "SuplierCountry": "Europe"}, {"Region": "Sub-Saharan Africa", "Country": "Djibouti", "Item Type": "Fruits", "Sales Channel": "Online", "Order Priority": "H", "Order Date": "2014-02-02", "Order ID": "228712271", "Ship Date": "2019-11-27", "Units Sold": 8242.0, "Unit Price": 7.65, "Unit Cost": 6.37, "Total Revenue": 63051.3, "Total Cost": 52501.54, "Total Profit": 10549.76, "ItemID": "AMALDFRU0015UE", "Supplier": "Penny-UK", "SuplierRegion": "United Kingdom", "SuplierCountry": "Europe"}, {"Region": "Middle East and North Africa", "Country": "Somalia", "Item Type": "Beverages", "Sales Channel": "Online", "Order Priority": "C", "Order Date": "2017-08-17", "Order ID": "369601224", "Ship Date": "2020-09-13", "Units Sold": 2081.0, "Unit Price": 217.53, "Unit Cost": 149.36, "Total Revenue": 452679.93, "Total Cost": 310818.16, "Total Profit": 141861.77, "ItemID": "MQATABEV0043UN", "Supplier": "WIFA-US", "SuplierRegion": "United States of America", "SuplierCountry": "North America"}, {"Region": "Europe", "Country": "Andorra", "Item Type": "Cereal", "Sales Channel": "Online", "Order Priority": "L", "Order Date": "2022-04-24", "Order ID": "816041401", "Ship Date": "2023-08-05", "Units Sold": 4402.0, "Unit Price": 274.76, "Unit Cost": 150.38, "Total Revenue": 1209493.52, "Total Cost": 661972.76, "Total Profit": 547520.76, "ItemID": "MALGECER0029MT", "Supplier": "Rewe-TUR", "SuplierRegion": "Middle East and North Africa", "SuplierCountry": "Turkey"}, {"Region": "Central America and the Caribbean", "Country": "Grenada", "Item Type": "Fruits", "Sales Channel": "Offline", "Order Priority": "H", "Order Date": "2018-12-20", "Order ID": "844672047", "Ship Date": "2023-05-15", "Units Sold": 9741.0, "Unit Price": 200.95, "Unit Cost": 173.25, "Total Revenue": 1957453.95, "Total Cost": 1687628.25, "Total Profit": 269825.7, "ItemID": "EESTOFRU0063ES", "Supplier": "Penny-ESP", "SuplierRegion": "Europe", "SuplierCountry": "Spain"}, {"Region": "Europe", "Country": "France", "Item Type": "Beverages", "Sales Channel": "Online", "Order Priority": "H", "Order Date": "2018-03-02", "Order ID": "929816542", "Ship Date": "2023-02-04", "Units Sold": 9666.0, "Unit Price": 49.82, "Unit Cost": 24.16, "Total Revenue": 481560.12, "Total Cost": 233530.56, "Total Profit": 248029.56, "ItemID": "AINDOBEV0007GE", "Supplier": "WIFA-DE", "SuplierRegion": "Germany", "SuplierCountry": "Europe"}, {"Region": "North America", "Country": "United States of America", "Item Type": "Clothes", "Sales Channel": "Offline", "Order Priority": "L", "Order Date": "2012-06-06", "Order ID": "650407880", "Ship Date": "2013-07-22", "Units Sold": 7776.0, "Unit Price": 244.5, "Unit Cost": 179.9, "Total Revenue": 1901232.0, "Total Cost": 1398902.4, "Total Profit": 502329.6, "ItemID": "MIRANCLO0033MT", "Supplier": "H&M-TUR", "SuplierRegion": "Middle East and North Africa", "SuplierCountry": "Turkey"}, {"Region": "Central America and the Caribbean", "Country": "Honduras", "Item Type": "Cereal", "Sales Channel": "Offline", "Order Priority": "C", "Order Date": "2013-01-20", "Order ID": "930394965", "Ship Date": "2014-06-29", "Units Sold": 4699.0, "Unit Price": 158.39, "Unit Cost": 106.57, "Total Revenue": 744274.61, "Total Cost": 500772.43, "Total Profit": 243502.18, "ItemID": "AMYANCER0017UE", "Supplier": "Rewe-UK", "SuplierRegion": "United Kingdom", "SuplierCountry": "Europe"}, {"Region": "Sub-Saharan Africa", "Country": "South Africa", "Item Type": "Household", "Sales Channel": "Online", "Order Priority": "L", "Order Date": "2021-02-02", "Order ID": "936989907", "Ship Date": "2023-08-17", "Units Sold": 3098.0, "Unit Price": 180.33, "Unit Cost": 156.74, "Total Revenue": 558662.34, "Total Cost": 485580.52, "Total Profit": 73081.82, "ItemID": "EICELHOU0070ES", "Supplier": "Wholesale-ESP", "SuplierRegion": "Europe", "SuplierCountry": "Spain"}, {"Region": "Asia", "Country": "Brunei", "Item Type": "Cereal", "Sales Channel": "Offline", "Order Priority": "M", "Order Date": "2017-10-21", "Order ID": "672806634", "Ship Date": "2023-11-23", "Units Sold": 2665.0, "Unit Price": 170.73, "Unit Cost": 104.23, "Total Revenue": 454995.45, "Total Cost": 277772.95, "Total Profit": 177222.5, "ItemID": "ACHINCER0005GE", "Supplier": "Rewe-DE", "SuplierRegion": "Germany", "SuplierCountry": "Europe"}, {"Region": "Central America and the Caribbean", "Country": "Panama", "Item Type": "Baby Food", "Sales Channel": "Online", "Order Priority": "H", "Order Date": "2015-12-17", "Order ID": "577778879", "Ship Date": "2019-05-19", "Units Sold": 5123.0, "Unit Price": 201.67, "Unit Cost": 140.29, "Total Revenue": 1033155.41, "Total Cost": 718705.67, "Total Profit": 314449.74, "ItemID": "ANEPABAB0018UE", "Supplier": "Hipp-UK", "SuplierRegion": "United Kingdom", "SuplierCountry": "Europe"}, {"Region": "Sub-Saharan Africa", "Country": "Republic of the Congo", "Item Type": "Cosmetics", "Sales Channel": "Offline", "Order Priority": "C", "Order Date": "2017-09-11", "Order ID": "996135707", "Ship Date": "2021-07-04", "Units Sold": 9228.0, "Unit Price": 341.02, "Unit Cost": 229.1, "Total Revenue": 3146932.56, "Total Cost": 2114134.8, "Total Profit": 1032797.76, "ItemID": "ACAMBCOS0004GE", "Supplier": "Beauty-DE", "SuplierRegion": "Germany", "SuplierCountry": "Europe"}, {"Region": "Asia", "Country": "Thailand", "Item Type": "Fruits", "Sales Channel": "Offline", "Order Priority": "M", "Order Date": "2014-07-03", "Order ID": "232767370", "Ship Date": "2015-10-11", "Units Sold": 5765.0, "Unit Price": 284.19, "Unit Cost": 172.75, "Total Revenue": 1638355.35, "Total Cost": 995903.75, "Total Profit": 642451.6, "ItemID": "AVIETFRU0027MT", "Supplier": "Penny-TUR", "SuplierRegion": "Middle East and North Africa", "SuplierCountry": "Turkey"}, {"Region": "Asia", "Country": "Uzbekistan", "Item Type": "Beverages", "Sales Channel": "Online", "Order Priority": "H", "Order Date": "2015-07-01", "Order ID": "384686949", "Ship Date": "2022-06-09", "Units Sold": 2551.0, "Unit Price": 152.9, "Unit Cost": 168.15, "Total Revenue": 390047.9, "Total Cost": 428950.65, "Total Profit": "-38902,75", "ItemID": "EGERMBEV0067ES", "Supplier": "WIFA-ESP", "SuplierRegion": "Europe", "SuplierCountry": "Spain"}, {"Region": "Sub-Saharan Africa", "Country": "Uganda", "Item Type": "Cosmetics", "Sales Channel": "Online", "Order Priority": "H", "Order Date": "2013-08-07", "Order ID": "487481789", "Ship Date": "2023-06-20", "Units Sold": 9436.0, "Unit Price": 175.71, "Unit Cost": 157.04, "Total Revenue": 1657999.56, "Total Cost": 1481829.44, "Total Profit": 176170.12, "ItemID": "EANDOCOS0052EN", "Supplier": "Beauty-NL", "SuplierRegion": "Europe", "SuplierCountry": "Netherlands"}, {"Region": "Australia and Oceania", "Country": "Papua New Guinea", "Item Type": "Personal Care", "Sales Channel": "Online", "Order Priority": "C", "Order Date": "2018-02-03", "Order ID": "740794903", "Ship Date": "2023-12-25", "Units Sold": 3300.0, "Unit Price": 171.87, "Unit Cost": 175.5, "Total Revenue": 567171.0, "Total Cost": 579150.0, "Total Profit": "-11979,00", "ItemID": "MTUNIPER0047UN", "Supplier": "Health-US", "SuplierRegion": "United States of America", "SuplierCountry": "North America"}, {"Region": "Sub-Saharan Africa", "Country": "Ghana", "Item Type": "Fruits", "Sales Channel": "Offline", "Order Priority": "C", "Order Date": "2010-02-12", "Order ID": "114629616", "Ship Date": "2017-06-30", "Units Sold": 3052.0, "Unit Price": 200.95, "Unit Cost": 173.25, "Total Revenue": 613299.4, "Total Cost": 528759.0, "Total Profit": 84540.4, "ItemID": "EESTOFRU0063ES", "Supplier": "Penny-ESP", "SuplierRegion": "Europe", "SuplierCountry": "Spain"}, {"Region": "Asia", "Country": "Thailand", "Item Type": "Snacks", "Sales Channel": "Offline", "Order Priority": "M", "Order Date": "2019-08-04", "Order ID": "382684056", "Ship Date": "20