[
  {
    "Region": "Europe",
    "Country": "San Marino",
    "Item Type": "Clothes",
    "Sales Channel": "Online",
    "Order Priority": "M",
    "Order Date": "2014-09-12",
    "Order ID": "247729957",
    "Ship Date": "2014-10-12",
    "Units Sold": "7654",
    "Unit Price": "192,47",
    "Unit Cost": "176,61",
    "Total Revenue": "1473165,38",
    "Total Cost": "1351772,94",
    "Total Profit": "121392,44",
    "ItemID": "EHUNGCLO0069ES",
    "Supplier": "H&M-ESP",
    "SuplierRegion": "Europe",
    "SuplierCountry": "Spain"
  },
  {
    "Region": "North America",
    "Country": "United States of America",
    "Item Type": "Beverages",
    "Sales Channel": "Online",
    "Order Priority": "L",
    "Order Date": "2017-10-26",
    "Order ID": "704864633",
    "Ship Date": "2017-11-19",
    "Units Sold": "3963",
    "Unit Price": "51,25",
    "Unit Cost": "25,75",
    "Total Revenue": "203103,75",
    "Total Cost": "102047,25",
    "Total Profit": "101056,50",
    "ItemID": "APHILBEV0019UE",
    "Supplier": "WIFA-UK",
    "SuplierRegion": "United Kingdom",
    "SuplierCountry": "Europe"
  },
  {
    "Region": "Europe",
    "Country": "Croatia",
    "Item Type": "Household",
    "Sales Channel": "Online",
    "Order Priority": "M",
    "Order Date": "2019-10-08",
    "Order ID": "901801860",
    "Ship Date": "2019-10-30",
    "Units Sold": "2065",
    "Unit Price": "254,23",
    "Unit Cost": "147,57",
    "Total Revenue": "524984,95",
    "Total Cost": "304732,05",
    "Total Profit": "220252,90",
    "ItemID": "MIRAQHOU0034MT",
    "Supplier": "Wholesale-TUR",
    "SuplierRegion": "Middle East and North Africa",
    "SuplierCountry": "Turkey"
  },
  {
    "Region": "Europe",
    "Country": "Iceland",
    "Item Type": "Meat",
    "Sales Channel": "Online",
    "Order Priority": "H",
    "Order Date": "2020-05-11",
    "Order ID": "455777966",
    "Ship Date": "2020-05-22",
    "Units Sold": "3684",
    "Unit Price": "345,95",
    "Unit Cost": "309,99",
    "Total Revenue": "1274479,80",
    "Total Cost": "1142003,16",
    "Total Profit": "132476,64",
    "ItemID": "ATHAIMEA0024UE",
    "Supplier": "Fegro-UK",
    "SuplierRegion": "United Kingdom",
    "SuplierCountry": "Europe"
  },
  {
    "Region": "Sub-Saharan Africa",
    "Country": "Chad",
    "Item Type": "Cosmetics",
    "Sales Channel": "Online",
    "Order Priority": "H",
    "Order Date": "2016-07-24",
    "Order ID": "854341781",
    "Ship Date": "2016-08-14",
    "Units Sold": "7573",
    "Unit Price": "242,36",
    "Unit Cost": "178,69",
    "Total Revenue": "1835392,28",
    "Total Cost": "1353219,37",
    "Total Profit": "482172,91",
    "ItemID": "MAFGHCOS0028MT",
    "Supplier": "Beauty-TUR",
    "SuplierRegion": "Middle East and North Africa",
    "SuplierCountry": "Turkey"
  },
  {
    "Region": "Middle East and North Africa",
    "Country": "Israel",
    "Item Type": "Office Supplies",
    "Sales Channel": "Offline",
    "Order Priority": "C",
    "Order Date": "2014-04-29",
    "Order ID": "505354630",
    "Ship Date": "2014-06-08",
    "Units Sold": "4520",
    "Unit Price": "266,15",
    "Unit Cost": "182,80",
    "Total Revenue": "1202998,00",
    "Total Cost": "826256,00",
    "Total Profit": "376742,00",
    "ItemID": "MKUWAOFF0037UN",
    "Supplier": "Staples-US",
    "SuplierRegion": "United States of America",
    "SuplierCountry": "North America"
  },
  {
    "Region": "Asia",
    "Country": "Malaysia",
    "Item Type": "Beverages",
    "Sales Channel": "Offline",
    "Order Priority": "H",
    "Order Date": "2016-10-12",
    "Order ID": "586990344",
    "Ship Date": "2016-11-29",
    "Units Sold": "2342",
    "Unit Price": "183,43",
    "Unit Cost": "154,60",
    "Total Revenue": "429593,06",
    "Total Cost": "362073,20",
    "Total Profit": "67519,86",
    "ItemID": "MBAHRBEV0031MT",
    "Supplier": "WIFA-TUR",
    "SuplierRegion": "Middle East and North Africa",
    "SuplierCountry": "Turkey"
  },
  {
    "Region": "North America",
    "Country": "Canada",
    "Item Type": "Meat",
    "Sales Channel": "Offline",
    "Order Priority": "C",
    "Order Date": "2020-04-13",
    "Order ID": "997735249",
    "Ship Date": "2020-05-19",
    "Units Sold": "887",
    "Unit Price": "493,61",
    "Unit Cost": "328,22",
    "Total Revenue": "437832,07",
    "Total Cost": "291131,14",
    "Total Profit": "146700,93",
    "ItemID": "AKYRGMEA0012GE",
    "Supplier": "Fegro-DE",
    "SuplierRegion": "Germany",
    "SuplierCountry": "Europe"
  },
  {
    "Region": "Asia",
    "Country": "Nepal",
    "Item Type": "Baby Food",
    "Sales Channel": "Offline",
    "Order Priority": "H",
    "Order Date": "2018-05-13",
    "Order ID": "806388175",
    "Ship Date": "2018-06-16",
    "Units Sold": "7036",
    "Unit Price": "256,84",
    "Unit Cost": "154,97",
    "Total Revenue": "1807126,24",
    "Total Cost": "1090368,92",
    "Total Profit": "716757,32",
    "ItemID": "MPAKIBAB0042UN",
    "Supplier": "Hipp-US",
    "SuplierRegion": "United States of America",
    "SuplierCountry": "North America"
  },
  {
    "Region": "Middle East and North Africa",
    "Country": "Libya",
    "Item Type": "Vegetables",
    "Sales Channel": "Offline",
    "Order Priority": "M",
    "Order Date": "2021-05-30",
    "Order ID": "502060449",
    "Ship Date": "2021-07-05",
    "Units Sold": "9698",
    "Unit Price": "212,19",
    "Unit Cost": "178,99",
    "Total Revenue": "2057818,62",
    "Total Cost": "1735845,02",
    "Total Profit": "321973,60",
    "ItemID": "EDENMVEG0062ES",
    "Supplier": "Edeka-ESP",
    "SuplierRegion": "Europe",
    "SuplierCountry": "Spain"
  },
  {
    "Region": "Sub-Saharan Africa",
    "Country": "Cape Verde",
    "Item Type": "Fruits",
    "Sales Channel": "Offline",
    "Order Priority": "H",
    "Order Date": "2021-03-24",
    "Order ID": "644175899",
    "Ship Date": "2021-04-17",
    "Units Sold": "4818",
    "Unit Price": "8,77",
    "Unit Cost": "5,47",
    "Total Revenue": "42253,86",
    "Total Cost": "26354,46",
    "Total Profit": "15899,40",
    "ItemID": "ABRUNFRU0003GE",
    "Supplier": "Penny-DE",
    "SuplierRegion": "Germany",
    "SuplierCountry": "Europe"
  },
  {
    "Region": "Europe",
    "Country": "Albania",
    "Item Type": "Household",
    "Sales Channel": "Online",
    "Order Priority": "M",
    "Order Date": "2018-08-09",
    "Order ID": "512470853",
    "Ship Date": "2018-09-21",
    "Units Sold": "368",
    "Unit Price": "254,23",
    "Unit Cost": "147,57",
    "Total Revenue": "93556,64",
    "Total Cost": "54305,76",
    "Total Profit": "39250,88",
    "ItemID": "MIRAQHOU0034MT",
    "Supplier": "Wholesale-TUR",
    "SuplierRegion": "Middle East and North Africa",
    "SuplierCountry": "Turkey"
  },
  {
    "Region": "Asia",
    "Country": "North Korea",
    "Item Type": "Personal Care",
    "Sales Channel": "Offline",
    "Order Priority": "L",
    "Order Date": "2019-05-16",
    "Order ID": "356994140",
    "Ship Date": "2019-06-11",
    "Units Sold": "1354",
    "Unit Price": "71,11",
    "Unit Cost": "52,14",
    "Total Revenue": "96282,94",
    "Total Cost": "70597,56",
    "Total Profit": "25685,38",
    "ItemID": "ATAJIPER0023UE",
    "Supplier": "Health-UK",
    "SuplierRegion": "United Kingdom",
    "SuplierCountry": "Europe"
  },
  {
    "Region": "Asia",
    "Country": "China",
    "Item Type": "Baby Food",
    "Sales Channel": "Offline",
    "Order Priority": "M",
    "Order Date": "2014-09-23",
    "Order ID": "948107087",
    "Ship Date": "2014-10-13",
    "Units Sold": "4811",
    "Unit Price": "288,47",
    "Unit Cost": "119,57",
    "Total Revenue": "1387829,17",
    "Total Cost": "575251,27",
    "Total Profit": "812577,90",
    "ItemID": "AINDIBAB0006GE",
    "Supplier": "Hipp-DE",
    "SuplierRegion": "Germany",
    "SuplierCountry": "Europe"
  },
  {
    "Region": "Central America and the Caribbean",
    "Country": "Dominica",
    "Item Type": "Snacks",
    "Sales Channel": "Online",
    "Order Priority": "C",
    "Order Date": "2016-08-23",
    "Order ID": "426483523",
    "Ship Date": "2016-09-01",
    "Units Sold": "4807",
    "Unit Price": "169,36",
    "Unit Cost": "87,70",
    "Total Revenue": "814113,52",
    "Total Cost": "421573,90",
    "Total Profit": "392539,62",
    "ItemID": "AJAPASNA0008GE",
    "Supplier": "Edeka-DE",
    "SuplierRegion": "Germany",
    "SuplierCountry": "Europe"
  },
  {
    "Region": "Asia",
    "Country": "Brunei",
    "Item Type": "Fruits",
    "Sales Channel": "Online",
    "Order Priority": "C",
    "Order Date": "2014-08-06",
    "Order ID": "153109776",
    "Ship Date": "2014-09-17",
    "Units Sold": "7440",
    "Unit Price": "8,77",
    "Unit Cost": "5,47",
    "Total Revenue": "65248,80",
    "Total Cost": "40696,80",
    "Total Profit": "24552,00",
    "ItemID": "ABRUNFRU0003GE",
    "Supplier": "Penny-DE",
    "SuplierRegion": "Germany",
    "SuplierCountry": "Europe"
  },
  {
    "Region": "Australia and Oceania",
    "Country": "Samoa ",
    "Item Type": "Cosmetics",
    "Sales Channel": "Online",
    "Order Priority": "L",
    "Order Date": "2018-11-04",
    "Order ID": "659284675",
    "Ship Date": "2018-11-09",
    "Units Sold": "5841",
    "Unit Price": "242,36",
    "Unit Cost": "178,69",
    "Total Revenue": "1415624,76",
    "Total Cost": "1043728,29",
    "Total Profit": "371896,47",
    "ItemID": "MAFGHCOS0028MT",
    "Supplier": "Beauty-TUR",
    "SuplierRegion": "Middle East and North Africa",
    "SuplierCountry": "Turkey"
  },
  {
    "Region": "Asia",
    "Country": "Japan",
    "Item Type": "Clothes",
    "Sales Channel": "Offline",
    "Order Priority": "C",
    "Order Date": "2017-02-22",
    "Order ID": "296619546",
    "Ship Date": "2017-04-12",
    "Units Sold": "5170",
    "Unit Price": "192,47",
    "Unit Cost": "176,61",
    "Total Revenue": "995069,90",
    "Total Cost": "913073,70",
    "Total Profit": "81996,20",
    "ItemID": "EHUNGCLO0069ES",
    "Supplier": "H&M-ESP",
    "SuplierRegion": "Europe",
    "SuplierCountry": "Spain"
  },
  {
    "Region": "Middle East and North Africa",
    "Country": "Algeria",
    "Item Type": "Cosmetics",
    "Sales Channel": "Online",
    "Order Priority": "C",
    "Order Date": "2018-01-09",
    "Order ID": "187038218",
    "Ship Date": "2018-01-19",
    "Units Sold": "7620",
    "Unit Price": "242,36",
    "Unit Cost": "178,69",
    "Total Revenue": "1846783,20",
    "Total Cost": "1361617,80",
    "Total Profit": "485165,40",
    "ItemID": "MAFGHCOS0028MT",
    "Supplier": "Beauty-TUR",
    "SuplierRegion": "Middle East and North Africa",
    "SuplierCountry": "Turkey"
  },
  {
    "Region": "Middle East and North Africa",
    "Country": "Algeria",
    "Item Type": "Personal Care",
    "Sales Channel": "Online",
    "Order Priority": "H",
    "Order Date": "2015-05-21",
    "Order ID": "172777020",
    "Ship Date": "2015-07-01",
    "Units Sold": "7415",
    "Unit Price": "171,87",
    "Unit Cost": "175,50",
    "Total Revenue": "1274416,05",
    "Total Cost": "1301332,50",
    "Total Profit": "-26916,45",
    "ItemID": "MTUNIPER0047UN",
    "Supplier": "Health-US",
    "SuplierRegion": "United States of America",
    "SuplierCountry": "North America"
  },
  {
    "Region": "Europe",
    "Country": "Armenia",
    "Item Type": "Cereal",
    "Sales Channel": "Online",
    "Order Priority": "H",
    "Order Date": "2016-01-17",
    "Order ID": "166384780",
    "Ship Date": "2016-02-16",
    "Units Sold": "5809",
    "Unit Price": "201,57",
    "Unit Cost": "158,63",
    "Total Revenue": "1170920,13",
    "Total Cost": "921481,67",
    "Total Profit": "249438,46",
    "ItemID": "MOMANCER0041UN",
    "Supplier": "Rewe-US",
    "SuplierRegion": "United States of America",
    "SuplierCountry": "North America"
  },
  {
    "Region": "Sub-Saharan Africa",
    "Country": "Angola",
    "Item Type": "Beverages",
    "Sales Channel": "Online",
    "Order Priority": "M",
    "Order Date": "2020-01-19",
    "Order ID": "600722825",
    "Ship Date": "2020-02-19",
    "Units Sold": "6088",
    "Unit Price": "51,25",
    "Unit Cost": "25,75",
    "Total Revenue": "312010,00",
    "Total Cost": "156766,00",
    "Total Profit": "155244,00",
    "ItemID": "APHILBEV0019UE",
    "Supplier": "WIFA-UK",
    "SuplierRegion": "United Kingdom",
    "SuplierCountry": "Europe"
  },
  {
    "Region": "Sub-Saharan Africa",
    "Country": "Malawi",
    "Item Type": "Meat",
    "Sales Channel": "Offline",
    "Order Priority": "L",
    "Order Date": "2016-10-05",
    "Order ID": "178964984",
    "Ship Date": "2016-11-09",
    "Units Sold": "8571",
    "Unit Price": "232,52",
    "Unit Cost": "156,21",
    "Total Revenue": "1992928,92",
    "Total Cost": "1338875,91",
    "Total Profit": "654053,01",
    "ItemID": "MTURKMEA0048UN",
    "Supplier": "Fegro-US",
    "SuplierRegion": "United States of America",
    "SuplierCountry": "North America"
  },
  {
    "Region": "Asia",
    "Country": "Singapore",
    "Item Type": "Beverages",
    "Sales Channel": "Online",
    "Order Priority": "H",
    "Order Date": "2020-03-26",
    "Order ID": "824597585",
    "Ship Date": "2020-05-11",
    "Units Sold": "5605",
    "Unit Price": "49,82",
    "Unit Cost": "24,16",
    "Total Revenue": "279241,10",
    "Total Cost": "135416,80",
    "Total Profit": "143824,30",
    "ItemID": "AINDOBEV0007GE",
    "Supplier": "WIFA-DE",
    "SuplierRegion": "Germany",
    "SuplierCountry": "Europe"
  },
  {
    "Region": "Europe",
    "Country": "Iceland",
    "Item Type": "Personal Care",
    "Sales Channel": "Offline",
    "Order Priority": "H",
    "Order Date": "2018-02-08",
    "Order ID": "931419456",
    "Ship Date": "2018-02-15",
    "Units Sold": "6570",
    "Unit Price": "171,87",
    "Unit Cost": "175,50",
    "Total Revenue": "1129185,90",
    "Total Cost": "1153035,00",
    "Total Profit": "-23849,10",
    "ItemID": "MTUNIPER0047UN",
    "Supplier": "Health-US",
    "SuplierRegion": "United States of America",
    "SuplierCountry": "North America"
  },
  {
    "Region": "Europe",
    "Country": "Belarus",
    "Item Type": "Snacks",
    "Sales Channel": "Online",
    "Order Priority": "L",
    "Order Date": "2014-11-06",
    "Order ID": "313541924",
    "Ship Date": "2014-11-30",
    "Units Sold": "2878",
    "Unit Price": "143,80",
    "Unit Cost": "169,71",
    "Total Revenue": "413856,40",
    "Total Cost": "488425,38",
    "Total Profit": "-74568,98",
    "ItemID": "EBELGSNA0056EN",
    "Supplier": "Edeka-NL",
    "SuplierRegion": "Europe",
    "SuplierCountry": "Netherlands"
  },
  {
    "Region": "Australia and Oceania",
    "Country": "Kiribati",
    "Item Type": "Cereal",
    "Sales Channel": "Online",
    "Order Priority": "C",
    "Order Date": "2019-12-26",
    "Order ID": "655388820",
    "Ship Date": "2020-02-06",
    "Units Sold": "2971",
    "Unit Price": "217,45",
    "Unit Cost": "165,11",
    "Total Revenue": "646043,95",
    "Total Cost": "490541,81",
    "Total Profit": "155502,14",
    "ItemID": "EARMECER0053EN",
    "Supplier": "Rewe-NL",
    "SuplierRegion": "Europe",
    "SuplierCountry": "Netherlands"
  },
  {
    "Region": "Europe",
    "Country": "Albania",
    "Item Type": "Household",
    "Sales Channel": "Online",
    "Order Priority": "M",
    "Order Date": "2020-07-13",
    "Order ID": "561696469",
    "Ship Date": "2020-07-29",
    "Units Sold": "7322",
    "Unit Price": "641,54",
    "Unit Cost": "472,39",
    "Total Revenue": "4697355,88",
    "Total Cost": "3458839,58",
    "Total Profit": "1238516,30",
    "ItemID": "ANORTHOU0010GE",
    "Supplier": "Wholesale-DE",
    "SuplierRegion": "Germany",
    "SuplierCountry": "Europe"
  },
  {
    "Region": "Central America and the Caribbean",
    "Country": "Trinidad and Tobago",
    "Item Type": "Cereal",
    "Sales Channel": "Offline",
    "Order Priority": "C",
    "Order Date": "2016-06-01",
    "Order ID": "507513701",
    "Ship Date": "2016-07-16",
    "Units Sold": "3437",
    "Unit Price": "274,76",
    "Unit Cost": "150,38",
    "Total Revenue": "944350,12",
    "Total Cost": "516856,06",
    "Total Profit": "427494,06",
    "ItemID": "MALGECER0029MT",
    "Supplier": "Rewe-TUR",
    "SuplierRegion": "Middle East and North Africa",
    "SuplierCountry": "Turkey"
  },
  {
    "Region": "Europe",
    "Country": "Finland",
    "Item Type": "Clothes",
    "Sales Channel": "Offline",
    "Order Priority": "H",
    "Order Date": "2016-07-14",
    "Order ID": "588201844",
    "Ship Date": "2016-08-19",
    "Units Sold": "852",
    "Unit Price": "128,95",
    "Unit Cost": "27,24",
    "Total Revenue": "109865,40",
    "Total Cost": "23208,48",
    "Total Profit": "86656,92",
    "ItemID": "ASRI CLO0021UE",
    "Supplier": "H&M-UK",
    "SuplierRegion": "United Kingdom",
    "SuplierCountry": "Europe"
  },
  {
    "Region": "Australia and Oceania",
    "Country": "Papua New Guinea",
    "Item Type": "Fruits",
    "Sales Channel": "Online",
    "Order Priority": "L",
    "Order Date": "2019-02-04",
    "Order ID": "969434726",
    "Ship Date": "2019-03-14",
    "Units Sold": "6133",
    "Unit Price": "284,19",
    "Unit Cost": "172,75",
    "Total Revenue": "1742937,27",
    "Total Cost": "1059475,75",
    "Total Profit": "683461,52",
    "ItemID": "AVIETFRU0027MT",
    "Supplier": "Penny-TUR",
    "SuplierRegion": "Middle East and North Africa",
    "SuplierCountry": "Turkey"
  },
  {
    "Region": "Asia",
    "Country": "Kyrgyzstan",
    "Item Type": "Cereal",
    "Sales Channel": "Offline",
    "Order Priority": "M",
    "Order Date": "2015-07-19",
    "Order ID": "537198674",
    "Ship Date": "2015-07-28",
    "Units Sold": "7880",
    "Unit Price": "201,57",
    "Unit Cost": "158,63",
    "Total Revenue": "1588371,60",
    "Total Cost": "1250004,40",
    "Total Profit": "338367,20",
    "ItemID": "MOMANCER0041UN",
    "Supplier": "Rewe-US",
    "SuplierRegion": "United States of America",
    "SuplierCountry": "North America"
  },
  {
    "Region": "North America",
    "Country": "Mexico",
    "Item Type": "Snacks",
    "Sales Channel": "Offline",
    "Order Priority": "H",
    "Order Date": "2018-02-09",
    "Order ID": "947792518",
    "Ship Date": "2018-02-10",
    "Units Sold": "1723",
    "Unit Price": "256,50",
    "Unit Cost": "145,67",
    "Total Revenue": "441949,50",
    "Total Cost": "250989,41",
    "Total Profit": "190960,09",
    "ItemID": "MSAUDSNA0044UN",
    "Supplier": "Edeka-US",
    "SuplierRegion": "United States of America",
    "SuplierCountry": "North America"
  },
  {
    "Region": "Middle East and North Africa",
    "Country": "Oman",
    "Item Type": "Cereal",
    "Sales Channel": "Online",
    "Order Priority": "M",
    "Order Date": "2016-07-01",
    "Order ID": "777827584",
    "Ship Date": "2016-07-26",
    "Units Sold": "5322",
    "Unit Price": "201,57",
    "Unit Cost": "158,63",
    "Total Revenue": "1072755,54",
    "Total Cost": "844228,86",
    "Total Profit": "228526,68",
    "ItemID": "MOMANCER0041UN",
    "Supplier": "Rewe-US",
    "SuplierRegion": "United States of America",
    "SuplierCountry": "North America"
  },
  {
    "Region": "Europe",
    "Country": "Belgium",
    "Item Type": "Office Supplies",
    "Sales Channel": "Online",
    "Order Priority": "H",
    "Order Date": "2021-03-22",
    "Order ID": "474227702",
    "Ship Date": "2021-04-22",
    "Units Sold": "3370",
    "Unit Price": "258,33",
    "Unit Cost": "147,67",
    "Total Revenue": "870572,10",
    "Total Cost": "497647,90",
    "Total Profit": "372924,20",
    "ItemID": "ATURKOFF0025MT",
    "Supplier": "Staples-TUR",
    "SuplierRegion": "Middle East and North Africa",
    "SuplierCountry": "Turkey"
  },
  {
    "Region": "Sub-Saharan Africa",
    "Country": "South Sudan",
    "Item Type": "Meat",
    "Sales Channel": "Offline",
    "Order Priority": "L",
    "Order Date": "2020-04-11",
    "Order ID": "104229199",
    "Ship Date": "2020-05-15",
    "Units Sold": "2591",
    "Unit Price": "493,61",
    "Unit Cost": "328,22",
    "Total Revenue": "1278943,51",
    "Total Cost": "850418,02",
    "Total Profit": "428525,49",
    "ItemID": "AKYRGMEA0012GE",
    "Supplier": "Fegro-DE",
    "SuplierRegion": "Germany",
    "SuplierCountry": "Europe"
  },
  {
    "Region": "Europe",
    "Country": "Malta",
    "Item Type": "Cosmetics",
    "Sales Channel": "Offline",
    "Order Priority": "C",
    "Order Date": "2014-07-30",
    "Order ID": "705380904",
    "Ship Date": "2014-09-02",
    "Units Sold": "6740",
    "Unit Price": "341,02",
    "Unit Cost": "229,10",
    "Total Revenue": "2298474,80",
    "Total Cost": "1544134,00",
    "Total Profit": "754340,80",
    "ItemID": "ACAMBCOS0004GE",
    "Supplier": "Beauty-DE",
    "SuplierRegion": "Germany",
    "SuplierCountry": "Europe"
  },
  {
    "Region": "Europe",
    "Country": "Czech Republic",
    "Item Type": "Baby Food",
    "Sales Channel": "Online",
    "Order Priority": "C",
    "Order Date": "2014-01-03",
    "Order ID": "235544145",
    "Ship Date": "2014-02-21",
    "Units Sold": "1602",
    "Unit Price": "221,44",
    "Unit Cost": "173,45",
    "Total Revenue": "354746,88",
    "Total Cost": "277866,90",
    "Total Profit": "76879,98",
    "ItemID": "MAZERBAB0030MT",
    "Supplier": "Hipp-TUR",
    "SuplierRegion": "Middle East and North Africa",
    "SuplierCountry": "Turkey"
  },
  {
    "Region": "Europe",
    "Country": "Finland",
    "Item Type": "Clothes",
    "Sales Channel": "Online",
    "Order Priority": "H",
    "Order Date": "2017-10-03",
    "Order ID": "322892749",
    "Ship Date": "2017-11-02",
    "Units Sold": "9995",
    "Unit Price": "244,50",
    "Unit Cost": "179,90",
    "Total Revenue": "2443777,50",
    "Total Cost": "1798100,50",
    "Total Profit": "645677,00",
    "ItemID": "MIRANCLO0033MT",
    "Supplier": "H&M-TUR",
    "SuplierRegion": "Middle East and North Africa",
    "SuplierCountry": "Turkey"
  },
  {
    "Region": "Asia",
    "Country": "Thailand",
    "Item Type": "Fruits",
    "Sales Channel": "Online",
    "Order Priority": "L",
    "Order Date": "2018-03-31",
    "Order ID": "415913045",
    "Ship Date": "2018-05-16",
    "Units Sold": "6767",
    "Unit Price": "183,50",
    "Unit Cost": "160,75",
    "Total Revenue": "1241744,50",
    "Total Cost": "1087795,25",
    "Total Profit": "153949,25",
    "ItemID": "EALBAFRU0051EN",
    "Supplier": "Penny-NL",
    "SuplierRegion": "Europe",
    "SuplierCountry": "Netherlands"
  },
  {
    "Region": "Sub-Saharan Africa",
    "Country": "Democratic Republic of the Congo",
    "Item Type": "Vegetables",
    "Sales Channel": "Offline",
    "Order Priority": "L",
    "Order Date": "2020-10-28",
    "Order ID": "933403861",
    "Ship Date": "2020-10-28",
    "Units Sold": "3800",
    "Unit Price": "216,09",
    "Unit Cost": "179,19",
    "Total Revenue": "821142,00",
    "Total Cost": "680922,00",
    "Total Profit": "140220,00",
    "ItemID": "MLEBAVEG0038UN",
    "Supplier": "Edeka-US",
    "SuplierRegion": "United States of America",
    "SuplierCountry": "North America"
  },
  {
    "Region": "Asia",
    "Country": "Laos",
    "Item Type": "Snacks",
    "Sales Channel": "Online",
    "Order Priority": "H",
    "Order Date": "2016-03-10",
    "Order ID": "114476525",
    "Ship Date": "2016-03-24",
    "Units Sold": "5003",
    "Unit Price": "256,50",
    "Unit Cost": "145,67",
    "Total Revenue": "1283269,50",
    "Total Cost": "728787,01",
    "Total Profit": "554482,49",
    "ItemID": "MSAUDSNA0044UN",
    "Supplier": "Edeka-US",
    "SuplierRegion": "United States of America",
    "SuplierCountry": "North America"
  },
  {
    "Region": "Europe",
    "Country": "Slovenia",
    "Item Type": "Household",
    "Sales Channel": "Offline",
    "Order Priority": "C",
    "Order Date": "2015-10-29",
    "Order ID": "768554866",
    "Ship Date": "2015-12-10",
    "Units Sold": "1319",
    "Unit Price": "254,23",
    "Unit Cost": "147,57",
    "Total Revenue": "335329,37",
    "Total Cost": "194644,83",
    "Total Profit": "140684,54",
    "ItemID": "MIRAQHOU0034MT",
    "Supplier": "Wholesale-TUR",
    "SuplierRegion": "Middle East and North Africa",
    "SuplierCountry": "Turkey"
  },
  {
    "Region": "Middle East and North Africa",
    "Country": "Morocco",
    "Item Type": "Personal Care",
    "Sales Channel": "Offline",
    "Order Priority": "C",
    "Order Date": "2016-08-03",
    "Order ID": "825375211",
    "Ship Date": "2016-08-07",
    "Units Sold": "5721",
    "Unit Price": "197,58",
    "Unit Cost": "189,14",
    "Total Revenue": "1130355,18",
    "Total Cost": "1082069,94",
    "Total Profit": "48285,24",
    "ItemID": "EIRELPER0071ES",
    "Supplier": "Health-ESP",
    "SuplierRegion": "Europe",
    "SuplierCountry": "Spain"
  },
  {
    "Region": "Sub-Saharan Africa",
    "Country": "Niger",
    "Item Type": "Clothes",
    "Sales Channel": "Offline",
    "Order Priority": "C",
    "Order Date": "2020-05-15",
    "Order ID": "984986388",
    "Ship Date": "2020-05-24",
    "Units Sold": "8216",
    "Unit Price": "229,59",
    "Unit Cost": "187,71",
    "Total Revenue": "1886311,44",
    "Total Cost": "1542225,36",
    "Total Profit": "344086,08",
    "ItemID": "EBOSNCLO0057EN",
    "Supplier": "H&M-NL",
    "SuplierRegion": "Europe",
    "SuplierCountry": "Netherlands"
  },
  {
    "Region": "Sub-Saharan Africa",
    "Country": "Senegal",
    "Item Type": "Baby Food",
    "Sales Channel": "Online",
    "Order Priority": "C",
    "Order Date": "2014-06-09",
    "Order ID": "667749726",
    "Ship Date": "2014-07-09",
    "Units Sold": "838",
    "Unit Price": "192,50",
    "Unit Cost": "171,93",
    "Total Revenue": "161315,00",
    "Total Cost": "144077,34",
    "Total Profit": "17237,66",
    "ItemID": "EGEORBAB0066ES",
    "Supplier": "Hipp-ESP",
    "SuplierRegion": "Europe",
    "SuplierCountry": "Spain"
  },
  {
    "Region": "Middle East and North Africa",
    "Country": "Egypt",
    "Item Type": "Office Supplies",
    "Sales Channel": "Offline",
    "Order Priority": "M",
    "Order Date": "2014-09-12",
    "Order ID": "264339053",
    "Ship Date": "2014-10-06",
    "Units Sold": "2655",
    "Unit Price": "696,79",
    "Unit Cost": "493,46",
    "Total Revenue": "1849977,45",
    "Total Cost": "1310136,30",
    "Total Profit": "539841,15",
    "ItemID": "ALAOSOFF0013UE",
    "Supplier": "Staples-UK",
    "SuplierRegion": "United Kingdom",
    "SuplierCountry": "Europe"
  },
  {
    "Region": "North America",
    "Country": "United States of America",
    "Item Type": "Beverages",
    "Sales Channel": "Online",
    "Order Priority": "H",
    "Order Date": "2014-07-24",
    "Order ID": "685740697",
    "Ship Date": "2014-08-09",
    "Units Sold": "4766",
    "Unit Price": "224,71",
    "Unit Cost": "165,54",
    "Total Revenue": "1070967,86",
    "Total Cost": "788963,64",
    "Total Profit": "282004,22",
    "ItemID": "EBELABEV0055EN",
    "Supplier": "WIFA-NL",
    "SuplierRegion": "Europe",
    "SuplierCountry": "Netherlands"
  },
  {
    "Region": "Middle East and North Africa",
    "Country": "Egypt",
    "Item Type": "Household",
    "Sales Channel": "Offline",
    "Order Priority": "C",
    "Order Date": "2020-05-08",
    "Order ID": "213253486",
    "Ship Date": "2020-05-26",
    "Units Sold": "5300",
    "Unit Price": "158,68",
    "Unit Cost": "163,59",
    "Total Revenue": "841004,00",
    "Total Cost": "867027,00",
    "Total Profit": "-26023,00",
    "ItemID": "MSYRIHOU0046UN",
    "Supplier": "Wholesale-US",
    "SuplierRegion": "United States of America",
    "SuplierCountry": "North America"
  },
  {
    "Region": "Asia",
    "Country": "Nepal",
    "Item Type": "Clothes",
    "Sales Channel": "Online",
    "Order Priority": "H",
    "Order Date": "2015-11-19",
    "Order ID": "348488748",
    "Ship Date": "2015-11-22",
    "Units Sold": "4419",
    "Unit Price": "98,35",
    "Unit Cost": "30,46",
    "Total Revenue": "434608,65",
    "Total Cost": "134602,74",
    "Total Profit": "300005,91",
    "ItemID": "AKAZACLO0009GE",
    "Supplier": "H&M-DE",
    "SuplierRegion": "Germany",
    "SuplierCountry": "Europe"
  },
  {
    "Region": "Sub-Saharan Africa",
    "Country": "Ghana",
    "Item Type": "Vegetables",
    "Sales Channel": "Online",
    "Order Priority": "L",
    "Order Date": "2021-07-02",
    "Order ID": "863370311",
    "Ship Date": "2021-08-07",
    "Units Sold": "9316",
    "Unit Price": "291,48",
    "Unit Cost": "153,56",
    "Total Revenue": "2715427,68",
    "Total Cost": "1430564,96",
    "Total Profit": "1284862,72",
    "ItemID": "AUZBEVEG0026MT",
    "Supplier": "Edeka-TUR",
    "SuplierRegion": "Middle East and North Africa",
    "SuplierCountry": "Turkey"
  },
  {
    "Region": "North America",
    "Country": "Greenland",
    "Item Type": "Office Supplies",
    "Sales Channel": "Offline",
    "Order Priority": "L",
    "Order Date": "2019-04-19",
    "Order ID": "250134503",
    "Ship Date": "2019-05-30",
    "Units Sold": "9213",
    "Unit Price": "145,44",
    "Unit Cost": "150,95",
    "Total Revenue": "1339938,72",
    "Total Cost": "1390702,35",
    "Total Profit": "-50763,63",
    "ItemID": "ECZECOFF0061ES",
    "Supplier": "Staples-ESP",
    "SuplierRegion": "Europe",
    "SuplierCountry": "Spain"
  },
  {
    "Region": "Asia",
    "Country": "Uzbekistan",
    "Item Type": "Office Supplies",
    "Sales Channel": "Offline",
    "Order Priority": "L",
    "Order Date": "2020-01-09",
    "Order ID": "671330153",
    "Ship Date": "2020-02-12",
    "Units Sold": "366",
    "Unit Price": "145,44",
    "Unit Cost": "150,95",
    "Total Revenue": "53231,04",
    "Total Cost": "55247,70",
    "Total Profit": "-2016,66",
    "ItemID": "ECZECOFF0061ES",
    "Supplier": "Staples-ESP",
    "SuplierRegion": "Europe",
    "SuplierCountry": "Spain"
  },
  {
    "Region": "Middle East and North Africa",
    "Country": "Israel",
    "Item Type": "Office Supplies",
    "Sales Channel": "Offline",
    "Order Priority": "H",
    "Order Date": "2019-10-17",
    "Order ID": "309818589",
    "Ship Date": "2019-11-29",
    "Units Sold": "1060",
    "Unit Price": "664,23",
    "Unit Cost": "585,79",
    "Total Revenue": "704083,80",
    "Total Cost": "620937,40",
    "Total Profit": "83146,40",
    "ItemID": "ABANGOFF0001GE",
    "Supplier": "Staples-DE",
    "SuplierRegion": "Germany",
    "SuplierCountry": "Europe"
  },
  {
    "Region": "Sub-Saharan Africa",
    "Country": "Central African Republic",
    "Item Type": "Household",
    "Sales Channel": "Online",
    "Order Priority": "L",
    "Order Date": "2019-10-05",
    "Order ID": "118773639",
    "Ship Date": "2019-11-07",
    "Units Sold": "6614",
    "Unit Price": "170,86",
    "Unit Cost": "172,13",
    "Total Revenue": "1130068,04",
    "Total Cost": "1138467,82",
    "Total Profit": "-8399,78",
    "ItemID": "EBULGHOU0058EN",
    "Supplier": "Wholesale-NL",
    "SuplierRegion": "Europe",
    "SuplierCountry": "Netherlands"
  },
  {
    "Region": "Central America and the Caribbean",
    "Country": "Dominica",
    "Item Type": "Personal Care",
    "Sales Channel": "Online",
    "Order Priority": "H",
    "Order Date": "2014-04-29",
    "Order ID": "671681630",
    "Ship Date": "2014-06-03",
    "Units Sold": "4375",
    "Unit Price": "197,58",
    "Unit Cost": "189,14",
    "Total Revenue": "864412,50",
    "Total Cost": "827487,50",
    "Total Profit": "36925,00",
    "ItemID": "EIRELPER0071ES",
    "Supplier": "Health-ESP",
    "SuplierRegion": "Europe",
    "SuplierCountry": "Spain"
  },
  {
    "Region": "Asia",
    "Country": "Uzbekistan",
    "Item Type": "Vegetables",
    "Sales Channel": "Offline",
    "Order Priority": "H",
    "Order Date": "2018-08-27",
    "Order ID": "812341392",
    "Ship Date": "2018-09-11",
    "Units Sold": "8725",
    "Unit Price": "146,36",
    "Unit Cost": "70,93",
    "Total Revenue": "1276991,00",
    "Total Cost": "618864,25",
    "Total Profit": "658126,75",
    "ItemID": "AMALAVEG0014UE",
    "Supplier": "Edeka-UK",
    "SuplierRegion": "United Kingdom",
    "SuplierCountry": "Europe"
  },
  {
    "Region": "North America",
    "Country": "Greenland",
    "Item Type": "Fruits",
    "Sales Channel": "Offline",
    "Order Priority": "C",
    "Order Date": "2017-07-23",
    "Order ID": "804864251",
    "Ship Date": "2017-07-28",
    "Units Sold": "6073",
    "Unit Price": "284,19",
    "Unit Cost": "172,75",
    "Total Revenue": "1725885,87",
    "Total Cost": "1049110,75",
    "Total Profit": "676775,12",
    "ItemID": "AVIETFRU0027MT",
    "Supplier": "Penny-TUR",
    "SuplierRegion": "Middle East and North Africa",
    "SuplierCountry": "Turkey"
  },
  {
    "Region": "Europe",
    "Country": "Hungary",
    "Item Type": "Beverages",
    "Sales Channel": "Online",
    "Order Priority": "L",
    "Order Date": "2016-08-12",
    "Order ID": "983674037",
    "Ship Date": "2016-09-06",
    "Units Sold": "9862",
    "Unit Price": "51,25",
    "Unit Cost": "25,75",
    "Total Revenue": "505427,50",
    "Total Cost": "253946,50",
    "Total Profit": "251481,00",
    "ItemID": "APHILBEV0019UE",
    "Supplier": "WIFA-UK",
    "SuplierRegion": "United Kingdom",
    "SuplierCountry": "Europe"
  },
  {
    "Region": "Asia",
    "Country": "Nepal",
    "Item Type": "Meat",
    "Sales Channel": "Offline",
    "Order Priority": "C",
    "Order Date": "2014-08-22",
    "Order ID": "403507077",
    "Ship Date": "2014-08-28",
    "Units Sold": "5566",
    "Unit Price": "220,55",
    "Unit Cost": "176,55",
    "Total Revenue": "1227581,30",
    "Total Cost": "982677,30",
    "Total Profit": "244904,00",
    "ItemID": "EITALMEA0072ES",
    "Supplier": "Fegro-ESP",
    "SuplierRegion": "Europe",
    "SuplierCountry": "Spain"
  },
  {
    "Region": "Central America and the Caribbean",
    "Country": "Costa Rica",
    "Item Type": "Household",
    "Sales Channel": "Online",
    "Order Priority": "M",
    "Order Date": "2015-07-04",
    "Order ID": "889412200",
    "Ship Date": "2015-07-24",
    "Units Sold": "5690",
    "Unit Price": "254,23",
    "Unit Cost": "147,57",
    "Total Revenue": "1446568,70",
    "Total Cost": "839673,30",
    "Total Profit": "606895,40",
    "ItemID": "MIRAQHOU0034MT",
    "Supplier": "Wholesale-TUR",
    "SuplierRegion": "Middle East and North Africa",
    "SuplierCountry": "Turkey"
  },
  {
    "Region": "Central America and the Caribbean",
    "Country": "The Bahamas",
    "Item Type": "Household",
    "Sales Channel": "Offline",
    "Order Priority": "M",
    "Order Date": "2016-04-22",
    "Order ID": "286750733",
    "Ship Date": "2016-06-11",
    "Units Sold": "4769",
    "Unit Price": "180,33",
    "Unit Cost": "156,74",
    "Total Revenue": "859993,77",
    "Total Cost": "747493,06",
    "Total Profit": "112500,71",
    "ItemID": "EICELHOU0070ES",
    "Supplier": "Wholesale-ESP",
    "SuplierRegion": "Europe",
    "SuplierCountry": "Spain"
  },
  {
    "Region": "Middle East and North Africa",
    "Country": "Israel",
    "Item Type": "Cosmetics",
    "Sales Channel": "Online",
    "Order Priority": "H",
    "Order Date": "2019-03-07",
    "Order ID": "111196506",
    "Ship Date": "2019-03-26",
    "Units Sold": "4372",
    "Unit Price": "172,09",
    "Unit Cost": "154,56",
    "Total Revenue": "752377,48",
    "Total Cost": "675736,32",
    "Total Profit": "76641,16",
    "ItemID": "MMOROCOS0040UN",
    "Supplier": "Beauty-US",
    "SuplierRegion": "United States of America",
    "SuplierCountry": "North America"
  },
  {
    "Region": "Europe",
    "Country": "San Marino",
    "Item Type": "Household",
    "Sales Channel": "Offline",
    "Order Priority": "C",
    "Order Date": "2019-07-04",
    "Order ID": "598735845",
    "Ship Date": "2019-07-16",
    "Units Sold": "8097",
    "Unit Price": "158,68",
    "Unit Cost": "163,59",
    "Total Revenue": "1284831,96",
    "Total Cost": "1324588,23",
    "Total Profit": "-39756,27",
    "ItemID": "MSYRIHOU0046UN",
    "Supplier": "Wholesale-US",
    "SuplierRegion": "United States of America",
    "SuplierCountry": "North America"
  },
  {
    "Region": "Sub-Saharan Africa",
    "Country": "Sierra Leone",
    "Item Type": "Clothes",
    "Sales Channel": "Offline",
    "Order Priority": "L",
    "Order Date": "2017-09-16",
    "Order ID": "255667579",
    "Ship Date": "2017-09-21",
    "Units Sold": "6573",
    "Unit Price": "244,50",
    "Unit Cost": "179,90",
    "Total Revenue": "1607098,50",
    "Total Cost": "1182482,70",
    "Total Profit": "424615,80",
    "ItemID": "MIRANCLO0033MT",
    "Supplier": "H&M-TUR",
    "SuplierRegion": "Middle East and North Africa",
    "SuplierCountry": "Turkey"
  },
  {
    "Region": "Central America and the Caribbean",
    "Country": "Trinidad and Tobago",
    "Item Type": "Beverages",
    "Sales Channel": "Online",
    "Order Priority": "M",
    "Order Date": "2015-04-21",
    "Order ID": "808603036",
    "Ship Date": "2015-05-24",
    "Units Sold": "2462",
    "Unit Price": "217,53",
    "Unit Cost": "149,36",
    "Total Revenue": "535558,86",
    "Total Cost": "367724,32",
    "Total Profit": "167834,54",
    "ItemID": "MQATABEV0043UN",
    "Supplier": "WIFA-US",
    "SuplierRegion": "United States of America",
    "SuplierCountry": "North America"
  },
  {
    "Region": "North America",
    "Country": "United States of America",
    "Item Type": "Beverages",
    "Sales Channel": "Offline",
    "Order Priority": "C",
    "Order Date": "2018-11-10",
    "Order ID": "454466044",
    "Ship Date": "2018-12-03",
    "Units Sold": "5457",
    "Unit Price": "183,43",
    "Unit Cost": "154,60",
    "Total Revenue": "1000977,51",
    "Total Cost": "843652,20",
    "Total Profit": "157325,31",
    "ItemID": "MBAHRBEV0031MT",
    "Supplier": "WIFA-TUR",
    "SuplierRegion": "Middle East and North Africa",
    "SuplierCountry": "Turkey"
  },
  {
    "Region": "Asia",
    "Country": "Uzbekistan",
    "Item Type": "Vegetables",
    "Sales Channel": "Online",
    "Order Priority": "H",
    "Order Date": "2020-04-26",
    "Order ID": "610492932",
    "Ship Date": "2020-05-08",
    "Units Sold": "7280",
    "Unit Price": "250,48",
    "Unit Cost": "182,08",
    "Total Revenue": "1823494,40",
    "Total Cost": "1325542,40",
    "Total Profit": "497952,00",
    "ItemID": "MYEMEVEG0050EN",
    "Supplier": "Edeka-NL",
    "SuplierRegion": "Europe",
    "SuplierCountry": "Netherlands"
  },
  {
    "Region": "Europe",
    "Country": "Lithuania",
    "Item Type": "Beverages",
    "Sales Channel": "Offline",
    "Order Priority": "C",
    "Order Date": "2016-08-26",
    "Order ID": "964232528",
    "Ship Date": "2016-09-24",
    "Units Sold": "6687",
    "Unit Price": "152,90",
    "Unit Cost": "168,15",
    "Total Revenue": "1022442,30",
    "Total Cost": "1124419,05",
    "Total Profit": "-101976,75",
    "ItemID": "EGERMBEV0067ES",
    "Supplier": "WIFA-ESP",
    "SuplierRegion": "Europe",
    "SuplierCountry": "Spain"
  },
  {
    "Region": "Middle East and North Africa",
    "Country": "Saudi Arabia",
    "Item Type": "Vegetables",
    "Sales Channel": "Online",
    "Order Priority": "M",
    "Order Date": "2021-09-04",
    "Order ID": "823546159",
    "Ship Date": "2021-09-17",
    "Units Sold": "4464",
    "Unit Price": "135,57",
    "Unit Cost": "85,47",
    "Total Revenue": "605184,48",
    "Total Cost": "381538,08",
    "Total Profit": "223646,40",
    "ItemID": "ABHUTVEG0002GE",
    "Supplier": "Edeka-DE",
    "SuplierRegion": "Germany",
    "SuplierCountry": "Europe"
  },
  {
    "Region": "Sub-Saharan Africa",
    "Country": "South Africa",
    "Item Type": "Vegetables",
    "Sales Channel": "Online",
    "Order Priority": "H",
    "Order Date": "2014-12-01",
    "Order ID": "466607654",
    "Ship Date": "2015-01-15",
    "Units Sold": "8429",
    "Unit Price": "250,48",
    "Unit Cost": "182,08",
    "Total Revenue": "2111295,92",
    "Total Cost": "1534752,32",
    "Total Profit": "576543,60",
    "ItemID": "MYEMEVEG0050EN",
    "Supplier": "Edeka-NL",
    "SuplierRegion": "Europe",
    "SuplierCountry": "Netherlands"
  },
  {
    "Region": "Europe",
    "Country": "Serbia",
    "Item Type": "Clothes",
    "Sales Channel": "Offline",
    "Order Priority": "C",
    "Order Date": "2016-05-03",
    "Order ID": "691903340",
    "Ship Date": "2016-05-16",
    "Units Sold": "8429",
    "Unit Price": "192,47",
    "Unit Cost": "176,61",
    "Total Revenue": "1622329,63",
    "Total Cost": "1488645,69",
    "Total Profit": "133683,94",
    "ItemID": "EHUNGCLO0069ES",
    "Supplier": "H&M-ESP",
    "SuplierRegion": "Europe",
    "SuplierCountry": "Spain"
  },
  {
    "Region": "Central America and the Caribbean",
    "Country": "Haiti",
    "Item Type": "Office Supplies",
    "Sales Channel": "Offline",
    "Order Priority": "C",
    "Order Date": "2019-06-20",
    "Order ID": "568232047",
    "Ship Date": "2019-06-20",
    "Units Sold": "1345",
    "Unit Price": "213,85",
    "Unit Cost": "156,42",
    "Total Revenue": "287628,25",
    "Total Cost": "210384,90",
    "Total Profit": "77243,35",
    "ItemID": "MUNITOFF0049EN",
    "Supplier": "Staples-NL",
    "SuplierRegion": "Europe",
    "SuplierCountry": "Netherlands"
  },
  {
    "Region": "Sub-Saharan Africa",
    "Country": "Cape Verde",
    "Item Type": "Cosmetics",
    "Sales Channel": "Online",
    "Order Priority": "H",
    "Order Date": "2018-12-15",
    "Order ID": "584705102",
    "Ship Date": "2019-02-02",
    "Units Sold": "6088",
    "Unit Price": "341,02",
    "Unit Cost": "229,10",
    "Total Revenue": "2076129,76",
    "Total Cost": "1394760,80",
    "Total Profit": "681368,96",
    "ItemID": "ACAMBCOS0004GE",
    "Supplier": "Beauty-DE",
    "SuplierRegion": "Germany",
    "SuplierCountry": "Europe"
  },
  {
    "Region": "Central America and the Caribbean",
    "Country": "The Bahamas",
    "Item Type": "Snacks",
    "Sales Channel": "Online",
    "Order Priority": "L",
    "Order Date": "2014-06-24",
    "Order ID": "400746333",
    "Ship Date": "2014-08-05",
    "Units Sold": "8600",
    "Unit Price": "169,36",
    "Unit Cost": "87,70",
    "Total Revenue": "1456496,00",
    "Total Cost": "754220,00",
    "Total Profit": "702276,00",
    "ItemID": "AJAPASNA0008GE",
    "Supplier": "Edeka-DE",
    "SuplierRegion": "Germany",
    "SuplierCountry": "Europe"
  },
  {
    "Region": "Australia and Oceania",
    "Country": "Australia",
    "Item Type": "Vegetables",
    "Sales Channel": "Online",
    "Order Priority": "L",
    "Order Date": "2014-09-10",
    "Order ID": "196092069",
    "Ship Date": "2014-10-02",
    "Units Sold": "6856",
    "Unit Price": "146,36",
    "Unit Cost": "70,93",
    "Total Revenue": "1003444,16",
    "Total Cost": "486296,08",
    "Total Profit": "517148,08",
    "ItemID": "AMALAVEG0014UE",
    "Supplier": "Edeka-UK",
    "SuplierRegion": "United Kingdom",
    "SuplierCountry": "Europe"
  },
  {
    "Region": "Sub-Saharan Africa",
    "Country": "Sudan",
    "Item Type": "Household",
    "Sales Channel": "Online",
    "Order Priority": "C",
    "Order Date": "2017-07-23",
    "Order ID": "220791137",
    "Ship Date": "2017-08-17",
    "Units Sold": "5859",
    "Unit Price": "254,23",
    "Unit Cost": "147,57",
    "Total Revenue": "1489533,57",
    "Total Cost": "864612,63",
    "Total Profit": "624920,94",
    "ItemID": "MIRAQHOU0034MT",
    "Supplier": "Wholesale-TUR",
    "SuplierRegion": "Middle East and North Africa",
    "SuplierCountry": "Turkey"
  },
  {
    "Region": "Europe",
    "Country": "Poland",
    "Item Type": "Snacks",
    "Sales Channel": "Offline",
    "Order Priority": "L",
    "Order Date": "2014-04-09",
    "Order ID": "345204865",
    "Ship Date": "2014-05-26",
    "Units Sold": "2646",
    "Unit Price": "251,34",
    "Unit Cost": "173,93",
    "Total Revenue": "665045,64",
    "Total Cost": "460218,78",
    "Total Profit": "204826,86",
    "ItemID": "MEGYPSNA0032MT",
    "Supplier": "Edeka-TUR",
    "SuplierRegion": "Middle East and North Africa",
    "SuplierCountry": "Turkey"
  },
  {
    "Region": "Asia",
    "Country": "Cambodia",
    "Item Type": "Household",
    "Sales Channel": "Online",
    "Order Priority": "C",
    "Order Date": "2016-10-23",
    "Order ID": "510007083",
    "Ship Date": "2016-11-14",
    "Units Sold": "1284",
    "Unit Price": "254,23",
    "Unit Cost": "147,57",
    "Total Revenue": "326431,32",
    "Total Cost": "189479,88",
    "Total Profit": "136951,44",
    "ItemID": "MIRAQHOU0034MT",
    "Supplier": "Wholesale-TUR",
    "SuplierRegion": "Middle East and North Africa",
    "SuplierCountry": "Turkey"
  },
  {
    "Region": "Sub-Saharan Africa",
    "Country": "Sao Tome and Principe",
    "Item Type": "Office Supplies",
    "Sales Channel": "Offline",
    "Order Priority": "C",
    "Order Date": "2014-08-25",
    "Order ID": "276184117",
    "Ship Date": "2014-10-13",
    "Units Sold": "7873",
    "Unit Price": "696,79",
    "Unit Cost": "493,46",
    "Total Revenue": "5485827,67",
    "Total Cost": "3885010,58",
    "Total Profit": "1600817,09",
    "ItemID": "ALAOSOFF0013UE",
    "Supplier": "Staples-UK",
    "SuplierRegion": "United Kingdom",
    "SuplierCountry": "Europe"
  },
  {
    "Region": "Central America and the Caribbean",
    "Country": "Nicaragua",
    "Item Type": "Baby Food",
    "Sales Channel": "Offline",
    "Order Priority": "C",
    "Order Date": "2018-01-17",
    "Order ID": "175034797",
    "Ship Date": "2018-01-29",
    "Units Sold": "5541",
    "Unit Price": "288,47",
    "Unit Cost": "119,57",
    "Total Revenue": "1598412,27",
    "Total Cost": "662537,37",
    "Total Profit": "935874,90",
    "ItemID": "AINDIBAB0006GE",
    "Supplier": "Hipp-DE",
    "SuplierRegion": "Germany",
    "SuplierCountry": "Europe"
  },
  {
    "Region": "Sub-Saharan Africa",
    "Country": "Zambia",
    "Item Type": "Meat",
    "Sales Channel": "Online",
    "Order Priority": "C",
    "Order Date": "2014-10-01",
    "Order ID": "358170449",
    "Ship Date": "2014-10-16",
    "Units Sold": "9450",
    "Unit Price": "220,55",
    "Unit Cost": "176,55",
    "Total Revenue": "2084197,50",
    "Total Cost": "1668397,50",
    "Total Profit": "415800,00",
    "ItemID": "EITALMEA0072ES",
    "Supplier": "Fegro-ESP",
    "SuplierRegion": "Europe",
    "SuplierCountry": "Spain"
  },
  {
    "Region": "Central America and the Caribbean",
    "Country": "Saint Vincent and the Grenadines",
    "Item Type": "Cosmetics",
    "Sales Channel": "Online",
    "Order Priority": "M",
    "Order Date": "2021-03-03",
    "Order ID": "147514903",
    "Ship Date": "2021-04-15",
    "Units Sold": "1793",
    "Unit Price": "172,09",
    "Unit Cost": "154,56",
    "Total Revenue": "308557,37",
    "Total Cost": "277126,08",
    "Total Profit": "31431,29",
    "ItemID": "MMOROCOS0040UN",
    "Supplier": "Beauty-US",
    "SuplierRegion": "United States of America",
    "SuplierCountry": "North America"
  },
  {
    "Region": "Sub-Saharan Africa",
    "Country": "Burundi",
    "Item Type": "Cosmetics",
    "Sales Channel": "Online",
    "Order Priority": "M",
    "Order Date": "2015-06-20",
    "Order ID": "285304486",
    "Ship Date": "2015-08-08",
    "Units Sold": "6792",
    "Unit Price": "175,71",
    "Unit Cost": "157,04",
    "Total Revenue": "1193422,32",
    "Total Cost": "1066615,68",
    "Total Profit": "126806,64",
    "ItemID": "EANDOCOS0052EN",
    "Supplier": "Beauty-NL",
    "SuplierRegion": "Europe",
    "SuplierCountry": "Netherlands"
  },
  {
    "Region": "Middle East and North Africa",
    "Country": "Tunisia ",
    "Item Type": "Personal Care",
    "Sales Channel": "Offline",
    "Order Priority": "L",
    "Order Date": "2020-03-11",
    "Order ID": "684088027",
    "Ship Date": "2020-03-31",
    "Units Sold": "5704",
    "Unit Price": "71,11",
    "Unit Cost": "52,14",
    "Total Revenue": "405611,44",
    "Total Cost": "297406,56",
    "Total Profit": "108204,88",
    "ItemID": "ATAJIPER0023UE",
    "Supplier": "Health-UK",
    "SuplierRegion": "United Kingdom",
    "SuplierCountry": "Europe"
  },
  {
    "Region": "Europe",
    "Country": "Russia",
    "Item Type": "Household",
    "Sales Channel": "Offline",
    "Order Priority": "M",
    "Order Date": "2019-08-28",
    "Order ID": "876726853",
    "Ship Date": "2019-09-08",
    "Units Sold": "1814",
    "Unit Price": "254,23",
    "Unit Cost": "147,57",
    "Total Revenue": "461173,22",
    "Total Cost": "267691,98",
    "Total Profit": "193481,24",
    "ItemID": "MIRAQHOU0034MT",
    "Supplier": "Wholesale-TUR",
    "SuplierRegion": "Middle East and North Africa",
    "SuplierCountry": "Turkey"
  },
  {
    "Region": "Sub-Saharan Africa",
    "Country": "Seychelles ",
    "Item Type": "Household",
    "Sales Channel": "Offline",
    "Order Priority": "L",
    "Order Date": "2018-12-14",
    "Order ID": "466394793",
    "Ship Date": "2018-12-27",
    "Units Sold": "5439",
    "Unit Price": "641,54",
    "Unit Cost": "472,39",
    "Total Revenue": "3489336,06",
    "Total Cost": "2569329,21",
    "Total Profit": "920006,85",
    "ItemID": "ANORTHOU0010GE",
    "Supplier": "Wholesale-DE",
    "SuplierRegion": "Germany",
    "SuplierCountry": "Europe"
  },
  {
    "Region": "Sub-Saharan Africa",
    "Country": "Namibia",
    "Item Type": "Baby Food",
    "Sales Channel": "Offline",
    "Order Priority": "M",
    "Order Date": "2016-05-30",
    "Order ID": "476578176",
    "Ship Date": "2016-06-30",
    "Units Sold": "8928",
    "Unit Price": "256,84",
    "Unit Cost": "154,97",
    "Total Revenue": "2293067,52",
    "Total Cost": "1383572,16",
    "Total Profit": "909495,36",
    "ItemID": "MPAKIBAB0042UN",
    "Supplier": "Hipp-US",
    "SuplierRegion": "United States of America",
    "SuplierCountry": "North America"
  },
  {
    "Region": "Middle East and North Africa",
    "Country": "Azerbaijan",
    "Item Type": "Clothes",
    "Sales Channel": "Online",
    "Order Priority": "C",
    "Order Date": "2015-05-25",
    "Order ID": "201075828",
    "Ship Date": "2015-05-30",
    "Units Sold": "1661",
    "Unit Price": "192,47",
    "Unit Cost": "176,61",
    "Total Revenue": "319692,67",
    "Total Cost": "293349,21",
    "Total Profit": "26343,46",
    "ItemID": "EHUNGCLO0069ES",
    "Supplier": "H&M-ESP",
    "SuplierRegion": "Europe",
    "SuplierCountry": "Spain"
  },
  {
    "Region": "North America",
    "Country": "United States of America",
    "Item Type": "Meat",
    "Sales Channel": "Offline",
    "Order Priority": "M",
    "Order Date": "2020-05-21",
    "Order ID": "353999078",
    "Ship Date": "2020-07-04",
    "Units Sold": "5049",
    "Unit Price": "232,52",
    "Unit Cost": "156,21",
    "Total Revenue": "1173993,48",
    "Total Cost": "788704,29",
    "Total Profit": "385289,19",
    "ItemID": "MTURKMEA0048UN",
    "Supplier": "Fegro-US",
    "SuplierRegion": "United States of America",
    "SuplierCountry": "North America"
  },
  {
    "Region": "Asia",
    "Country": "Laos",
    "Item Type": "Meat",
    "Sales Channel": "Offline",
    "Order Priority": "H",
    "Order Date": "2017-04-18",
    "Order ID": "819771754",
    "Ship Date": "2017-05-29",
    "Units Sold": "7534",
    "Unit Price": "220,55",
    "Unit Cost": "176,55",
    "Total Revenue": "1661623,70",
    "Total Cost": "1330127,70",
    "Total Profit": "331496,00",
    "ItemID": "EITALMEA0072ES",
    "Supplier": "Fegro-ESP",
    "SuplierRegion": "Europe",
    "SuplierCountry": "Spain"
  },
  {
    "Region": "Sub-Saharan Africa",
    "Country": "Burundi",
    "Item Type": "Cosmetics",
    "Sales Channel": "Online",
    "Order Priority": "C",
    "Order Date": "2016-09-28",
    "Order ID": "203130185",
    "Ship Date": "2016-09-30",
    "Units Sold": "9591",
    "Unit Price": "172,09",
    "Unit Cost": "154,56",
    "Total Revenue": "1650515,19",
    "Total Cost": "1482384,96",
    "Total Profit": "168130,23",
    "ItemID": "MMOROCOS0040UN",
    "Supplier": "Beauty-US",
    "SuplierRegion": "United States of America",
    "SuplierCountry": "North America"
  },
  {
    "Region": "Sub-Saharan Africa",
    "Country": "The Gambia",
    "Item Type": "Beverages",
    "Sales Channel": "Offline",
    "Order Priority": "C",
    "Order Date": "2018-08-27",
    "Order ID": "779123198",
    "Ship Date": "2018-09-22",
    "Units Sold": "8723",
    "Unit Price": "224,71",
    "Unit Cost": "165,54",
    "Total Revenue": "1960145,33",
    "Total Cost": "1444005,42",
    "Total Profit": "516139,91",
    "ItemID": "EBELABEV0055EN",
    "Supplier": "WIFA-NL",
    "SuplierRegion": "Europe",
    "SuplierCountry": "Netherlands"
  },
  {
    "Region": "North America",
    "Country": "Greenland",
    "Item Type": "Vegetables",
    "Sales Channel": "Offline",
    "Order Priority": "L",
    "Order Date": "2016-03-15",
    "Order ID": "843112123",
    "Ship Date": "2016-04-04",
    "Units Sold": "4468",
    "Unit Price": "291,48",
    "Unit Cost": "153,56",
    "Total Revenue": "1302332,64",
    "Total Cost": "686106,08",
    "Total Profit": "616226,56",
    "ItemID": "AUZBEVEG0026MT",
    "Supplier": "Edeka-TUR",
    "SuplierRegion": "Middle East and North Africa",
    "SuplierCountry": "Turkey"
  },
  {
    "Region": "Sub-Saharan Africa",
    "Country": "Benin",
    "Item Type": "Snacks",
    "Sales Channel": "Offline",
    "Order Priority": "L",
    "Order Date": "2015-06-14",
    "Order ID": "560770785",
    "Ship Date": "2015-07-16",
    "Units Sold": "3392",
    "Unit Price": "169,59",
    "Unit Cost": "170,37",
    "Total Revenue": "575249,28",
    "Total Cost": "577895,04",
    "Total Profit": "-2645,76",
    "ItemID": "EGREESNA0068ES",
    "Supplier": "Edeka-ESP",
    "SuplierRegion": "Europe",
    "SuplierCountry": "Spain"
  },
  {
    "Region": "Sub-Saharan Africa",
    "Country": "Angola",
    "Item Type": "Baby Food",
    "Sales Channel": "Online",
    "Order Priority": "C",
    "Order Date": "2015-09-21",
    "Order ID": "618085515",
    "Ship Date": "2015-10-14",
    "Units Sold": "4094",
    "Unit Price": "221,44",
    "Unit Cost": "173,45",
    "Total Revenue": "906575,36",
    "Total Cost": "710104,30",
    "Total Profit": "196471,06",
    "ItemID": "MAZERBAB0030MT",
    "Supplier": "Hipp-TUR",
    "SuplierRegion": "Middle East and North Africa",
    "SuplierCountry": "Turkey"
  },
  {
    "Region": "Europe",
    "Country": "Poland",
    "Item Type": "Office Supplies",
    "Sales Channel": "Offline",
    "Order Priority": "H",
    "Order Date": "2021-05-13",
    "Order ID": "871355140",
    "Ship Date": "2021-06-23",
    "Units Sold": "2204",
    "Unit Price": "266,15",
    "Unit Cost": "182,80",
    "Total Revenue": "586594,60",
    "Total Cost": "402891,20",
    "Total Profit": "183703,40",
    "ItemID": "MKUWAOFF0037UN",
    "Supplier": "Staples-US",
    "SuplierRegion": "United States of America",
    "SuplierCountry": "North America"
  },
  {
    "Region": "Sub-Saharan Africa",
    "Country": "Senegal",
    "Item Type": "Personal Care",
    "Sales Channel": "Online",
    "Order Priority": "C",
    "Order Date": "2014-03-25",
    "Order ID": "797190988",
    "Ship Date": "2014-05-13",
    "Units Sold": "5383",
    "Unit Price": "71,11",
    "Unit Cost": "52,14",
    "Total Revenue": "382785,13",
    "Total Cost": "280669,62",
    "Total Profit": "102115,51",
    "ItemID": "ATAJIPER0023UE",
    "Supplier": "Health-UK",
    "SuplierRegion": "United Kingdom",
    "SuplierCountry": "Europe"
  },
  {
    "Region": "Asia",
    "Country": "Kyrgyzstan",
    "Item Type": "Cosmetics",
    "Sales Channel": "Online",
    "Order Priority": "H",
    "Order Date": "2020-07-23",
    "Order ID": "842516887",
    "Ship Date": "2020-09-08",
    "Units Sold": "8324",
    "Unit Price": "175,71",
    "Unit Cost": "157,04",
    "Total Revenue": "1462610,04",
    "Total Cost": "1307200,96",
    "Total Profit": "155409,08",
    "ItemID": "EANDOCOS0052EN",
    "Supplier": "Beauty-NL",
    "SuplierRegion": "Europe",
    "SuplierCountry": "Netherlands"
  },
  {
    "Region": "Middle East and North Africa",
    "Country": "Egypt",
    "Item Type": "Beverages",
    "Sales Channel": "Offline",
    "Order Priority": "M",
    "Order Date": "2020-06-25",
    "Order ID": "174569165",
    "Ship Date": "2020-08-13",
    "Units Sold": "7750",
    "Unit Price": "152,90",
    "Unit Cost": "168,15",
    "Total Revenue": "1184975,00",
    "Total Cost": "1303162,50",
    "Total Profit": "-118187,50",
    "ItemID": "EGERMBEV0067ES",
    "Supplier": "WIFA-ESP",
    "SuplierRegion": "Europe",
    "SuplierCountry": "Spain"
  }
]